<?xml version="1.0" encoding="UTF-8"?>
<!DOCTYPE html PUBLIC "-//W3C//DTD XHTML 1.0 Transitional//EN"
    "http://www.w3.org/TR/xhtml1/DTD/xhtml1-transitional.dtd">
<html xmlns="http://www.w3.org/1999/xhtml" xml:lang="en" lang="en">
 <head>
  <title>
</title>
<meta http-equiv="Content-Type" content="text/html;charset=utf-8" />
  <meta name='ocr-system' content='tesseract 3.04.00' />
  <meta name='ocr-capabilities' content='ocr_page ocr_carea ocr_par ocr_line ocrx_word'/>
</head>
<body>
  <div class='ocr_page' id='page_1' title='image "./iustinihistoria00dbgoog_0067.png"; bbox 0 0 2744 4560; ppageno 0'>
   <div class='ocr_carea' id='block_1_1' title="bbox 134 119 987 254">
    <p class='ocr_par' dir='ltr' id='par_1_1' title="bbox 134 119 987 260">
     <span class='ocr_line' id='line_1_1' title="bbox 134 119 987 254; baseline 0.004 -30"><span class='ocrx_word' id='word_1_1' title='bbox 134 119 178 244; x_wconf 64' lang='lat' dir='ltr'><strong>aa</strong></span> <span class='ocrx_word' id='word_1_2' title='bbox 397 249 399 254; x_wconf 16' lang='lat'><strong><em>¹</em></strong></span> <span class='ocrx_word' id='word_1_3' title='bbox 492 132 987 230; x_wconf 68' lang='lat' dir='ltr'><strong>nusnrm17</strong></span> 
     </span>
    </p>
   </div>
   <div class='ocr_carea' id='block_1_2' title="bbox 59 317 1309 1840">
    <p class='ocr_par' dir='ltr' id='par_1_2' title="bbox 162 317 1268 402">
     <span class='ocr_line' id='line_1_2' title="bbox 162 317 1268 402; baseline 0 -20"><span class='ocrx_word' id='word_1_4' title='bbox 162 323 321 402; x_wconf 40' lang='lat' dir='ltr'><strong>,imperium</strong></span> <span class='ocrx_word' id='word_1_5' title='bbox 335 325 482 400; x_wconf 87' lang='lat' dir='ltr'><strong>paternum</strong></span> <span class='ocrx_word' id='word_1_6' title='bbox 491 324 618 393; x_wconf 87' lang='lat' dir='ltr'><strong>teneret,</strong></span> <span class='ocrx_word' id='word_1_7' title='bbox 636 319 840 382; x_wconf 77' lang='lat' dir='ltr'><strong>interfectorem</strong></span> <span class='ocrx_word' id='word_1_8' title='bbox 850 319 944 380; x_wconf 81' lang='lat' dir='ltr'><strong>fratris</strong></span> <span class='ocrx_word' id='word_1_9' title='bbox 956 317 1155 397; x_wconf 78' lang='lat' dir='ltr'><strong>comprehendi</strong></span> <span class='ocrx_word' id='word_1_10' title='bbox 1166 319 1268 382; x_wconf 88' lang='lat' dir='ltr'><strong>iubet:</strong></span> 
     </span>
    </p>

    <p class='ocr_par' dir='ltr' id='par_1_3' title="bbox 59 404 1282 1585">
     <span class='ocr_line' id='line_1_3' title="bbox 125 404 1268 488; baseline 0 -21"><span class='ocrx_word' id='word_1_11' title='bbox 125 481 128 488; x_wconf 21' lang='lat' dir='ltr'>y</span> <span class='ocrx_word' id='word_1_12' title='bbox 150 409 226 486; x_wconf 73' lang='lat' dir='ltr'><strong>iqui</strong></span> <span class='ocrx_word' id='word_1_13' title='bbox 242 427 305 466; x_wconf 87' lang='lat' dir='ltr'><strong>cnm</strong></span> <span class='ocrx_word' id='word_1_14' title='bbox 327 425 379 484; x_wconf 86' lang='lat' dir='ltr'><strong>per</strong></span> <span class='ocrx_word' id='word_1_15' title='bbox 399 411 538 466; x_wconf 88' lang='lat' dir='ltr'><strong>tormenta</strong></span> <span class='ocrx_word' id='word_1_16' title='bbox 555 405 792 478; x_wconf 77' lang='lat' dir='ltr'><strong>ooqscioscaedis</strong></span> <span class='ocrx_word' id='word_1_17' title='bbox 815 404 958 464; x_wconf 85' lang='lat' dir='ltr'><strong>nominare</strong></span> <span class='ocrx_word' id='word_1_18' title='bbox 980 410 1141 480; x_wconf 77' lang='lat' dir='ltr'>cogeretur,</span> <span class='ocrx_word' id='word_1_19' title='bbox 1165 424 1268 466; x_wconf 85' lang='lat' dir='ltr'><strong>omnes</strong></span> 
     </span>
     <span class='ocr_line' id='line_1_4' title="bbox 150 489 1270 567; baseline 0 -17"><span class='ocrx_word' id='word_1_20' title='bbox 150 492 278 558; x_wconf 75' lang='lat' dir='ltr'><strong>damiam</strong></span> <span class='ocrx_word' id='word_1_21' title='bbox 301 492 412 566; x_wconf 78' lang='lat' dir='ltr'><strong>tyranni</strong></span> <span class='ocrx_word' id='word_1_22' title='bbox 429 490 592 549; x_wconf 83' lang='lat' dir='ltr'><strong>nominavit:</strong></span> <span class='ocrx_word' id='word_1_23' title='bbox 614 491 713 567; x_wconf 88' lang='lat' dir='ltr'><strong>quibus</strong></span> <span class='ocrx_word' id='word_1_24' title='bbox 730 491 879 550; x_wconf 82' lang='lat' dir='ltr'><strong>interiectis</strong></span> <span class='ocrx_word' id='word_1_25' title='bbox 897 489 1042 566; x_wconf 76' lang='lat' dir='ltr'><strong>quaerenti</strong></span> <span class='ocrx_word' id='word_1_26' title='bbox 1062 496 1205 566; x_wconf 78' lang='lat' dir='ltr'><strong>tyranno,</strong></span> <span class='ocrx_word' id='word_1_27' title='bbox 1227 509 1270 550; x_wconf 84' lang='lat' dir='ltr'><strong>an</strong></span> 
     </span>
     <span class='ocr_line' id='line_1_5' title="bbox 176 571 1268 654; baseline -0.002 -18"><span class='ocrx_word' id='word_1_28' title='bbox 176 577 265 636; x_wconf 85' lang='lat' dir='ltr'><strong>cdlur</strong></span> <span class='ocrx_word' id='word_1_29' title='bbox 286 575 375 652; x_wconf 84' lang='lat' dir='ltr'><strong>aliqui</strong></span> <span class='ocrx_word' id='word_1_30' title='bbox 401 577 501 634; x_wconf 72' lang='lat' dir='ltr'><strong>cumeis*</strong></span> <span class='ocrx_word' id='word_1_31' title='bbox 525 579 632 648; x_wconf 70' lang='lat' dir='ltr'><strong>arent,</strong></span> <span class='ocrx_word' id='word_1_32' title='bbox 661 571 797 634; x_wconf 85' lang='lat' dir='ltr'><strong>Neminem</strong></span> <span class='ocrx_word' id='word_1_33' title='bbox 814 576 854 634; x_wconf 87' lang='lat' dir='ltr'><strong>ait</strong></span> <span class='ocrx_word' id='word_1_34' title='bbox 875 593 1020 651; x_wconf 71' lang='lat' dir='ltr'><strong>mpetum,</strong></span> <span class='ocrx_word' id='word_1_35' title='bbox 1049 593 1125 652; x_wconf 81' lang='lat' dir='ltr'><strong>queas</strong></span> <span class='ocrx_word' id='word_1_36' title='bbox 1145 575 1268 654; x_wconf 71' lang='lat' dir='ltr'><strong>amplius</strong></span> 
     </span>
     <span class='ocr_line' id='line_1_6' title="bbox 149 659 1269 738; baseline 0 -18"><span class='ocrx_word' id='word_1_37' title='bbox 149 665 242 720; x_wconf 68' lang='lat' dir='ltr'><strong>bosori</strong></span> <span class='ocrx_word' id='word_1_38' title='bbox 259 663 377 736; x_wconf 73' lang='lat' dir='ltr'><strong>gestiat,</strong></span> <span class='ocrx_word' id='word_1_39' title='bbox 400 678 479 737; x_wconf 84' lang='lat' dir='ltr'><strong>quom</strong></span> <span class='ocrx_word' id='word_1_40' title='bbox 497 661 583 736; x_wconf 78' lang='lat' dir='ltr'><strong>ipsum</strong></span> <span class='ocrx_word' id='word_1_41' title='bbox 602 663 756 738; x_wconf 77' lang='lat' dir='ltr'><strong>tyrannum.</strong></span> <span class='ocrx_word' id='word_1_42' title='bbox 796 659 864 727; x_wconf 80' lang='lat' dir='ltr'><strong>Qua</strong></span> <span class='ocrx_word' id='word_1_43' title='bbox 876 668 944 722; x_wconf 81' lang='lat' dir='ltr'><strong>&#39;voce</strong></span> <span class='ocrx_word' id='word_1_44' title='bbox 959 659 1083 718; x_wconf 81' lang='lat' dir='ltr'><strong>oiuudem</strong></span> <span class='ocrx_word' id='word_1_45' title='bbox 1100 679 1130 736; x_wconf 88' lang='lat' dir='ltr'><strong>se</strong></span> <span class='ocrx_word' id='word_1_46' title='bbox 1150 663 1269 736; x_wconf 84' lang='lat' dir='ltr'><strong>tyranni</strong></span> 
     </span>
     <span class='ocr_line' id='line_1_7' title="bbox 73 741 1268 822; baseline 0.003 -18"><span class='ocrx_word' id='word_1_47' title='bbox 73 767 80 778; x_wconf 90' lang='lat'><strong>·</strong></span> <span class='ocrx_word' id='word_1_48' title='bbox 150 747 306 806; x_wconf 73' lang='lat' dir='ltr'><strong>strictorem</strong></span> <span class='ocrx_word' id='word_1_49' title='bbox 324 751 391 822; x_wconf 89' lang='lat' dir='ltr'><strong>post</strong></span> <span class='ocrx_word' id='word_1_50' title='bbox 410 746 561 804; x_wconf 85' lang='lat' dir='ltr'><strong>vindictam</strong></span> <span class='ocrx_word' id='word_1_51' title='bbox 578 741 729 821; x_wconf 79' lang='lat' dir='ltr'><strong>pudicitiae</strong></span> <span class='ocrx_word' id='word_1_52' title='bbox 750 745 853 803; x_wconf 88' lang='lat' dir='ltr'><strong>sororis</strong></span> <span class='ocrx_word' id='word_1_53' title='bbox 874 745 1005 802; x_wconf 85' lang='lat' dir='ltr'><strong>ostendit.</strong></span> <span class='ocrx_word' id='word_1_54' title='bbox 1046 743 1138 803; x_wconf 83' lang='lat' dir='ltr'><strong>Huius</strong></span> <span class='ocrx_word' id='word_1_55' title='bbox 1159 747 1268 808; x_wconf 70' lang='lat' dir='ltr'><strong>naute</strong></span> 
     </span>
     <span class='ocr_line' id='line_1_8' title="bbox 113 823 1266 908; baseline 0.006 -24"><span class='ocrx_word' id='word_1_56' title='bbox 113 875 116 884; x_wconf 90' lang='lat'><em>.</em></span> <span class='ocrx_word' id='word_1_57' title='bbox 134 865 137 874; x_wconf 67' lang='grc'><strong>«</strong></span> <span class='ocrx_word' id='word_1_58' title='bbox 175 831 393 896; x_wconf 77' lang='lat' dir='ltr'><strong>cumadmonita</strong></span> <span class='ocrx_word' id='word_1_59' title='bbox 407 831 504 888; x_wconf 84' lang='lat' dir='ltr'><strong>civitas</strong></span> <span class='ocrx_word' id='word_1_60' title='bbox 522 829 654 886; x_wconf 73' lang='lat' dir='ltr'><strong>libertatis</strong></span> <span class='ocrx_word' id='word_1_61' title='bbox 675 834 763 900; x_wconf 71' lang='lat' dir='ltr'><strong>meet,</strong></span> <span class='ocrx_word' id='word_1_62' title='bbox 786 831 898 888; x_wconf 86' lang='lat' dir='ltr'><strong>tandem</strong></span> <span class='ocrx_word' id='word_1_63' title='bbox 916 829 1036 908; x_wconf 79' lang='lat' dir='ltr'><strong>Hippian</strong></span> <span class='ocrx_word' id='word_1_64' title='bbox 1050 823 1144 905; x_wconf 70' lang='lat' dir='ltr'><strong>&#39;regno</strong></span> <span class='ocrx_word' id='word_1_65' title='bbox 1165 830 1266 908; x_wconf 87' lang='lat' dir='ltr'><strong>pulsus</strong></span> 
     </span>
     <span class='ocr_line' id='line_1_9' title="bbox 149 913 1265 992; baseline 0.002 -20"><span class='ocrx_word' id='word_1_66' title='bbox 149 918 204 974; x_wconf 79' lang='lat' dir='ltr'><strong>&#39;lin</strong></span> <span class='ocrx_word' id='word_1_67' title='bbox 217 914 339 975; x_wconf 75' lang='lat' dir='ltr'><strong>exsilium</strong></span> <span class='ocrx_word' id='word_1_68' title='bbox 354 913 461 990; x_wconf 76' lang='lat' dir='ltr'><strong>agitur:</strong></span> <span class='ocrx_word' id='word_1_69' title='bbox 483 913 531 990; x_wconf 90' lang='lat' dir='ltr'><strong>qni</strong></span> <span class='ocrx_word' id='word_1_70' title='bbox 543 913 684 990; x_wconf 81' lang='lat' dir='ltr'><strong>profectus</strong></span> <span class='ocrx_word' id='word_1_71' title='bbox 698 915 726 972; x_wconf 90' lang='lat' dir='ltr'><strong>in</strong></span> <span class='ocrx_word' id='word_1_72' title='bbox 740 913 840 972; x_wconf 86' lang='lat' dir='ltr'><strong>Persas</strong></span> <span class='ocrx_word' id='word_1_73' title='bbox 855 915 954 973; x_wconf 86' lang='lat' dir='ltr'><strong>ducem</strong></span> <span class='ocrx_word' id='word_1_74' title='bbox 971 933 1001 974; x_wconf 90' lang='lat' dir='ltr'><strong>se</strong></span> <span class='ocrx_word' id='word_1_75' title='bbox 1020 913 1110 972; x_wconf 86' lang='lat' dir='ltr'><strong>Dario</strong></span> <span class='ocrx_word' id='word_1_76' title='bbox 1130 915 1265 992; x_wconf 78' lang='lat' dir='ltr'><strong>inferenti</strong></span> 
     </span>
     <span class='ocr_line' id='line_1_10' title="bbox 174 995 1264 1078; baseline 0.002 -20"><span class='ocrx_word' id='word_1_77' title='bbox 174 997 388 1060; x_wconf 81' lang='lat' dir='ltr'><strong>Atheniensibus</strong></span> <span class='ocrx_word' id='word_1_78' title='bbox 398 995 516 1070; x_wconf 86' lang='lat' dir='ltr'><strong>bellum,</strong></span> <span class='ocrx_word' id='word_1_79' title='bbox 530 998 610 1056; x_wconf 83' lang='lat' dir='ltr'><strong>sicuti</strong></span> <span class='ocrx_word' id='word_1_80' title='bbox 625 1016 709 1076; x_wconf 87' lang='lat' dir='ltr'><strong>snpra</strong></span> <span class='ocrx_word' id='word_1_81' title='bbox 723 997 908 1074; x_wconf 77' lang='lat' dir='ltr'><strong>significatum</strong></span> <span class='ocrx_word' id='word_1_82' title='bbox 922 1003 981 1072; x_wconf 87' lang='lat' dir='ltr'><strong>est,</strong></span> <span class='ocrx_word' id='word_1_83' title='bbox 993 999 1125 1058; x_wconf 83' lang='lat' dir='ltr'><strong>adversus</strong></span> <span class='ocrx_word' id='word_1_84' title='bbox 1139 1001 1264 1078; x_wconf 85' lang='lat' dir='ltr'><strong>patriam</strong></span> 
     </span>
     <span class='ocr_line' id='line_1_11' title="bbox 150 1080 1260 1164; baseline 0.001 -20"><span class='ocrx_word' id='word_1_85' title='bbox 150 1090 251 1144; x_wconf 78' lang='lat' dir='ltr'><strong>denam</strong></span> <span class='ocrx_word' id='word_1_86' title='bbox 271 1083 363 1142; x_wconf 85' lang='lat' dir='ltr'><strong>offert.</strong></span> <span class='ocrx_word' id='word_1_87' title='bbox 406 1083 495 1159; x_wconf 80' lang='lat' dir='ltr'><strong>igitur</strong></span> <span class='ocrx_word' id='word_1_88' title='bbox 518 1080 701 1164; x_wconf 69' lang='lat' dir='ltr'><strong>Athenienses</strong></span> <span class='ocrx_word' id='word_1_89' title='bbox 723 1081 820 1150; x_wconf 87' lang='lat' dir='ltr'><strong>audito</strong></span> <span class='ocrx_word' id='word_1_90' title='bbox 841 1080 921 1142; x_wconf 90' lang='lat' dir='ltr'><strong>Darii</strong></span> <span class='ocrx_word' id='word_1_91' title='bbox 947 1083 1071 1142; x_wconf 88' lang='lat' dir='ltr'><strong>adventu</strong></span> <span class='ocrx_word' id='word_1_92' title='bbox 1092 1083 1224 1144; x_wconf 82' lang='lat' dir='ltr'><strong>auxilium</strong></span> <span class='ocrx_word' id='word_1_93' title='bbox 1240 1103 1260 1144; x_wconf 86' lang='lat' dir='ltr'><strong>a</strong></span> 
     </span>
     <span class='ocr_line' id='line_1_12' title="bbox 149 1159 1262 1248; baseline 0.003 -24"><span class='ocrx_word' id='word_1_94' title='bbox 149 1167 422 1240; x_wconf 79' lang='lat' dir='ltr'><strong>9Lacedaensoniis,</strong></span> <span class='ocrx_word' id='word_1_95' title='bbox 443 1169 598 1226; x_wconf 85' lang='lat' dir='ltr'><strong>sociatum</strong></span> <span class='ocrx_word' id='word_1_96' title='bbox 621 1159 747 1242; x_wconf 67' lang='lat' dir='ltr'><strong>simtute,</strong></span> <span class='ocrx_word' id='word_1_97' title='bbox 768 1169 943 1248; x_wconf 85' lang='lat' dir='ltr'><strong>petiverunt;</strong></span> <span class='ocrx_word' id='word_1_98' title='bbox 972 1187 1041 1242; x_wconf 90' lang='lat' dir='ltr'><strong>quos</strong></span> <span class='ocrx_word' id='word_1_99' title='bbox 1062 1167 1111 1226; x_wconf 90' lang='lat' dir='ltr'><strong>nbi</strong></span> <span class='ocrx_word' id='word_1_100' title='bbox 1130 1168 1262 1235; x_wconf 85' lang='lat' dir='ltr'><strong>viderunt</strong></span> 
     </span>
     <span class='ocr_line' id='line_1_13' title="bbox 175 1252 1261 1330; baseline 0.002 -18"><span class='ocrx_word' id='word_1_101' title='bbox 175 1253 315 1330; x_wconf 79' lang='lat' dir='ltr'><strong>quatridui</strong></span> <span class='ocrx_word' id='word_1_102' title='bbox 327 1254 416 1312; x_wconf 87' lang='lat' dir='ltr'><strong>teneri</strong></span> <span class='ocrx_word' id='word_1_103' title='bbox 428 1252 575 1328; x_wconf 82' lang='lat' dir='ltr'><strong>rdigione,</strong></span> <span class='ocrx_word' id='word_1_104' title='bbox 596 1269 654 1310; x_wconf 90' lang='lat' dir='ltr'><strong>non</strong></span> <span class='ocrx_word' id='word_1_105' title='bbox 672 1257 847 1330; x_wconf 75' lang='lat' dir='ltr'><strong>exspectato,</strong></span> <span class='ocrx_word' id='word_1_106' title='bbox 869 1252 1008 1310; x_wconf 87' lang='lat' dir='ltr'><strong>instructis</strong></span> <span class='ocrx_word' id='word_1_107' title='bbox 1028 1253 1127 1312; x_wconf 90' lang='lat' dir='ltr'><strong>decem</strong></span> <span class='ocrx_word' id='word_1_108' title='bbox 1140 1253 1261 1314; x_wconf 89' lang='lat' dir='ltr'><strong>millibus</strong></span> 
     </span>
     <span class='ocr_line' id='line_1_14' title="bbox 140 1335 1282 1418; baseline 0 -20"><span class='ocrx_word' id='word_1_109' title='bbox 140 1405 151 1418; x_wconf 81' lang='lat'><em>.</em></span> <span class='ocrx_word' id='word_1_110' title='bbox 175 1339 273 1398; x_wconf 84' lang='lat' dir='ltr'><strong>civium</strong></span> <span class='ocrx_word' id='word_1_111' title='bbox 290 1343 318 1398; x_wconf 87' lang='lat' dir='ltr'><strong>et</strong></span> <span class='ocrx_word' id='word_1_112' title='bbox 335 1337 542 1398; x_wconf 84' lang='lat' dir='ltr'><strong>Plataeensibus</strong></span> <span class='ocrx_word' id='word_1_113' title='bbox 569 1335 743 1396; x_wconf 84' lang='lat' dir='ltr'><strong>auxiliaribus</strong></span> <span class='ocrx_word' id='word_1_114' title='bbox 768 1335 842 1396; x_wconf 85' lang='lat' dir='ltr'><strong>mille</strong></span> <span class='ocrx_word' id='word_1_115' title='bbox 864 1338 997 1396; x_wconf 82' lang='lat' dir='ltr'><strong>adversus</strong></span> <span class='ocrx_word' id='word_1_116' title='bbox 1024 1344 1155 1396; x_wconf 83' lang='lat' dir='ltr'><strong>sexcenta</strong></span> <span class='ocrx_word' id='word_1_117' title='bbox 1178 1338 1282 1398; x_wconf 89' lang='lat' dir='ltr'><strong>millia·</strong></span> 
     </span>
     <span class='ocr_line' id='line_1_15' title="bbox 59 1408 1261 1501; baseline 0.002 -22"><span class='ocrx_word' id='word_1_118' title='bbox 59 1408 66 1426; x_wconf 76' lang='grc'>’</span> <span class='ocrx_word' id='word_1_119' title='bbox 93 1447 113 1494; x_wconf 72' lang='lat'><strong>¹⁴</strong></span> <span class='ocrx_word' id='word_1_120' title='bbox 134 1427 167 1480; x_wconf 87' lang='lat'><strong>10</strong></span> <span class='ocrx_word' id='word_1_121' title='bbox 174 1423 293 1482; x_wconf 86' lang='lat' dir='ltr'><strong>bostium</strong></span> <span class='ocrx_word' id='word_1_122' title='bbox 314 1423 343 1480; x_wconf 94' lang='lat' dir='ltr'><strong>in</strong></span> <span class='ocrx_word' id='word_1_123' title='bbox 364 1424 468 1501; x_wconf 86' lang='lat' dir='ltr'><strong>campis</strong></span> <span class='ocrx_word' id='word_1_124' title='bbox 486 1421 668 1480; x_wconf 86' lang='lat' dir='ltr'><strong>Marathoniis</strong></span> <span class='ocrx_word' id='word_1_125' title='bbox 684 1420 867 1499; x_wconf 83' lang='lat' dir='ltr'><strong>in-proeliutn</strong></span> <span class='ocrx_word' id='word_1_126' title='bbox 885 1421 1073 1496; x_wconf 68' lang='lat' dir='ltr'><strong>egrediuntur.</strong></span> <span class='ocrx_word' id='word_1_127' title='bbox 1117 1421 1261 1484; x_wconf 86' lang='lat' dir='ltr'><strong>Miltiades</strong></span> 
     </span>
     <span class='ocr_line' id='line_1_16' title="bbox 175 1503 1261 1585; baseline 0.002 -19"><span class='ocrx_word' id='word_1_128' title='bbox 175 1514 205 1566; x_wconf 92' lang='lat' dir='ltr'><strong>et</strong></span> <span class='ocrx_word' id='word_1_129' title='bbox 218 1509 273 1566; x_wconf 77' lang='lat' dir='ltr'><strong>dux</strong></span> <span class='ocrx_word' id='word_1_130' title='bbox 287 1507 428 1566; x_wconf 80' lang='lat' dir='ltr'><strong>bellierat</strong></span> <span class='ocrx_word' id='word_1_131' title='bbox 443 1513 473 1565; x_wconf 90' lang='lat' dir='ltr'><strong>et</strong></span> <span class='ocrx_word' id='word_1_132' title='bbox 484 1511 581 1564; x_wconf 85' lang='lat' dir='ltr'><strong>auctor</strong></span> <span class='ocrx_word' id='word_1_133' title='bbox 597 1524 654 1564; x_wconf 88' lang='lat' dir='ltr'><strong>non</strong></span> <span class='ocrx_word' id='word_1_134' title='bbox 674 1507 852 1584; x_wconf 83' lang='lat' dir='ltr'><strong>exspectandi</strong></span> <span class='ocrx_word' id='word_1_135' title='bbox 866 1503 972 1564; x_wconf 86' lang='lat' dir='ltr'><strong>anxilii:</strong></span> <span class='ocrx_word' id='word_1_136' title='bbox 995 1523 1079 1585; x_wconf 89' lang='lat' dir='ltr'><strong>quem</strong></span> <span class='ocrx_word' id='word_1_137' title='bbox 1093 1511 1176 1566; x_wconf 85' lang='lat' dir='ltr'><strong>tanta</strong></span> <span class='ocrx_word' id='word_1_138' title='bbox 1189 1509 1261 1568; x_wconf 87' lang='lat' dir='ltr'><strong>fidn-</strong></span> 
     </span>
    </p>

    <p class='ocr_par' dir='ltr' id='par_1_4' title="bbox 113 1589 1309 1840">
     <span class='ocr_line' id='line_1_17' title="bbox 175 1589 1260 1668; baseline 0.004 -20"><span class='ocrx_word' id='word_1_139' title='bbox 175 1594 216 1649; x_wconf 87' lang='lat' dir='ltr'><strong>cia</strong></span> <span class='ocrx_word' id='word_1_140' title='bbox 238 1596 366 1668; x_wconf 74' lang='lat' dir='ltr'><strong>cepmnt,</strong></span> <span class='ocrx_word' id='word_1_141' title='bbox 395 1591 502 1668; x_wconf 86' lang='lat' dir='ltr'><strong>utplus</strong></span> <span class='ocrx_word' id='word_1_142' title='bbox 521 1589 651 1666; x_wconf 87' lang='lat' dir='ltr'><strong>praesidii</strong></span> <span class='ocrx_word' id='word_1_143' title='bbox 669 1591 697 1646; x_wconf 89' lang='lat' dir='ltr'><strong>in</strong></span> <span class='ocrx_word' id='word_1_144' title='bbox 719 1589 857 1649; x_wconf 84' lang='lat' dir='ltr'><strong>celeritate</strong></span> <span class='ocrx_word' id='word_1_145' title='bbox 877 1607 961 1666; x_wconf 87' lang='lat' dir='ltr'><strong>quam</strong></span> <span class='ocrx_word' id='word_1_146' title='bbox 979 1591 1012 1648; x_wconf 83' lang='lat' dir='ltr'><strong>in</strong></span> <span class='ocrx_word' id='word_1_147' title='bbox 1031 1591 1112 1650; x_wconf 85' lang='lat' dir='ltr'><strong>sociis</strong></span> <span class='ocrx_word' id='word_1_148' title='bbox 1134 1593 1260 1656; x_wconf 77' lang='lat' dir='ltr'><strong>sinuaret.</strong></span> 
     </span>
     <span class='ocr_line' id='line_1_18' title="bbox 113 1674 1260 1752; baseline 0.004 -19"><span class='ocrx_word' id='word_1_149' title='bbox 113 1681 164 1734; x_wconf 67' lang='lat' dir='ltr'><strong>n11</strong></span> <span class='ocrx_word' id='word_1_150' title='bbox 176 1674 283 1750; x_wconf 87' lang='lat' dir='ltr'><strong>Magna</strong></span> <span class='ocrx_word' id='word_1_151' title='bbox 296 1675 382 1749; x_wconf 81' lang='lat' dir='ltr'><strong>igitur</strong></span> <span class='ocrx_word' id='word_1_152' title='bbox 395 1675 424 1732; x_wconf 94' lang='lat' dir='ltr'><strong>in</strong></span> <span class='ocrx_word' id='word_1_153' title='bbox 440 1691 564 1752; x_wconf 86' lang='lat' dir='ltr'><strong>pugnam</strong></span> <span class='ocrx_word' id='word_1_154' title='bbox 584 1675 713 1732; x_wconf 90' lang='lat' dir='ltr'><strong>euntibus</strong></span> <span class='ocrx_word' id='word_1_155' title='bbox 729 1674 855 1734; x_wconf 85' lang='lat' dir='ltr'><strong>alacritas</strong></span> <span class='ocrx_word' id='word_1_156' title='bbox 875 1676 1027 1744; x_wconf 86' lang='lat' dir='ltr'><strong>animorum</strong></span> <span class='ocrx_word' id='word_1_157' title='bbox 1040 1675 1109 1750; x_wconf 84' lang='lat' dir='ltr'><strong>fuit,</strong></span> <span class='ocrx_word' id='word_1_158' title='bbox 1133 1679 1206 1737; x_wconf 89' lang='lat' dir='ltr'><strong>adeo</strong></span> <span class='ocrx_word' id='word_1_159' title='bbox 1220 1685 1260 1752; x_wconf 83' lang='lat' dir='ltr'><strong>ut,</strong></span> 
     </span>
     <span class='ocr_line' id='line_1_19' title="bbox 175 1757 1309 1840; baseline 0.004 -22"><span class='ocrx_word' id='word_1_160' title='bbox 175 1779 237 1818; x_wconf 81' lang='lat' dir='ltr'><strong>crum</strong></span> <span class='ocrx_word' id='word_1_161' title='bbox 254 1758 328 1840; x_wconf 83' lang='lat' dir='ltr'><strong>mille</strong></span> <span class='ocrx_word' id='word_1_162' title='bbox 346 1777 452 1837; x_wconf 80' lang='lat' dir='ltr'><strong>passus</strong></span> <span class='ocrx_word' id='word_1_163' title='bbox 466 1759 539 1818; x_wconf 88' lang='lat' dir='ltr'><strong>inter</strong></span> <span class='ocrx_word' id='word_1_164' title='bbox 561 1757 631 1818; x_wconf 88' lang='lat' dir='ltr'><strong>duas</strong></span> <span class='ocrx_word' id='word_1_165' title='bbox 653 1759 726 1820; x_wconf 87' lang='lat' dir='ltr'><strong>acies</strong></span> <span class='ocrx_word' id='word_1_166' title='bbox 745 1766 854 1832; x_wconf 86' lang='lat' dir='ltr'><strong>essent,</strong></span> <span class='ocrx_word' id='word_1_167' title='bbox 875 1759 959 1820; x_wconf 90' lang='lat' dir='ltr'><strong>citato</strong></span> <span class='ocrx_word' id='word_1_168' title='bbox 975 1757 1054 1820; x_wconf 87' lang='lat' dir='ltr'><strong>cursu</strong></span> <span class='ocrx_word' id='word_1_169' title='bbox 1074 1767 1141 1822; x_wconf 88' lang='lat' dir='ltr'><strong>ante</strong></span> <span class='ocrx_word' id='word_1_170' title='bbox 1160 1764 1260 1822; x_wconf 86' lang='lat' dir='ltr'><strong>iactum</strong></span> <span class='ocrx_word' id='word_1_171' title='bbox 1303 1829 1309 1840; x_wconf 49' lang='grc'>,</span> 
     </span>
    </p>
   </div>
   <div class='ocr_carea' id='block_1_3' title="bbox 94 1967 1261 2384">
    <p class='ocr_par' dir='ltr' id='par_1_5' title="bbox 94 1967 1261 2246">
     <span class='ocr_line' id='line_1_20' title="bbox 133 1967 1261 2040; baseline 0.005 -20"><span class='ocrx_word' id='word_1_172' title='bbox 133 1969 303 2021; x_wconf 84' lang='lat' dir='ltr'><strong>aministerio</strong></span> <span class='ocrx_word' id='word_1_173' title='bbox 319 1967 441 2038; x_wconf 72' lang='lat' dir='ltr'><strong>gestandi</strong></span> <span class='ocrx_word' id='word_1_174' title='bbox 454 1969 482 2024; x_wconf 90' lang='lat' dir='ltr'><strong>in</strong></span> <span class='ocrx_word' id='word_1_175' title='bbox 497 1968 696 2026; x_wconf 83' lang='lat' dir='ltr'><strong>Panathenaicis</strong></span> <span class='ocrx_word' id='word_1_176' title='bbox 714 1971 821 2025; x_wconf 87' lang='lat' dir='ltr'><strong>canistri</strong></span> <span class='ocrx_word' id='word_1_177' title='bbox 841 1973 1020 2036; x_wconf 84' lang='lat' dir='ltr'><strong>submoverat,</strong></span> <span class='ocrx_word' id='word_1_178' title='bbox 1038 1975 1067 2024; x_wconf 89' lang='lat' dir='ltr'><strong>ut</strong></span> <span class='ocrx_word' id='word_1_179' title='bbox 1089 1971 1261 2040; x_wconf 80' lang='lat' dir='ltr'><strong>Thucydides</strong></span> 
     </span>
     <span class='ocr_line' id='line_1_21' title="bbox 94 2037 1260 2123; baseline -0.002 -29"><span class='ocrx_word' id='word_1_180' title='bbox 94 2089 96 2094; x_wconf 93' lang='lat'><em>.</em></span> <span class='ocrx_word' id='word_1_181' title='bbox 132 2045 159 2090; x_wconf 86' lang='lat' dir='ltr'><strong>et</strong></span> <span class='ocrx_word' id='word_1_182' title='bbox 173 2037 326 2092; x_wconf 78' lang='lat' dir='ltr'><strong>Aristoteles</strong></span> <span class='ocrx_word' id='word_1_183' title='bbox 337 2039 463 2093; x_wconf 79' lang='lat' dir='ltr'><strong>referunt.</strong></span> <span class='ocrx_word' id='word_1_184' title='bbox 498 2040 556 2092; x_wconf 87' lang='lat' dir='ltr'><strong>Hoc</strong></span> <span class='ocrx_word' id='word_1_185' title='bbox 569 2047 654 2094; x_wconf 84' lang='lat' dir='ltr'><strong>tamen</strong></span> <span class='ocrx_word' id='word_1_186' title='bbox 670 2058 720 2094; x_wconf 92' lang='lat' dir='ltr'><strong>ncn</strong></span> <span class='ocrx_word' id='word_1_187' title='bbox 734 2050 786 2093; x_wconf 71' lang='lat' dir='ltr'><strong>mm</strong></span> <span class='ocrx_word' id='word_1_188' title='bbox 801 2057 851 2123; x_wconf 72' lang='lat' dir='ltr'><strong>pro</strong></span> <span class='ocrx_word' id='word_1_189' title='bbox 864 2043 993 2110; x_wconf 54' lang='lat' dir='ltr'><strong>monetata</strong></span> <span class='ocrx_word' id='word_1_190' title='bbox 1010 2041 1167 2098; x_wconf 78' lang='lat' dir='ltr'><strong>narrationis</strong></span> <span class='ocrx_word' id='word_1_191' title='bbox 1183 2057 1260 2110; x_wconf 86' lang='lat' dir='ltr'><strong>qaam</strong></span> 
     </span>
     <span class='ocr_line' id='line_1_22' title="bbox 131 2101 1261 2180; baseline 0.003 -20"><span class='ocrx_word' id='word_1_192' title='bbox 131 2121 179 2175; x_wconf 83' lang='lat' dir='ltr'><strong>pro</strong></span> <span class='ocrx_word' id='word_1_193' title='bbox 194 2123 282 2161; x_wconf 89' lang='lat' dir='ltr'><strong>errore</strong></span> <span class='ocrx_word' id='word_1_194' title='bbox 298 2107 415 2176; x_wconf 86' lang='lat' dir='ltr'><strong>Pompeii</strong></span> <span class='ocrx_word' id='word_1_195' title='bbox 430 2108 457 2162; x_wconf 90' lang='lat' dir='ltr'><strong>iu</strong></span> <span class='ocrx_word' id='word_1_196' title='bbox 472 2108 559 2162; x_wconf 82' lang='lat' dir='ltr'><strong>verbis</strong></span> <span class='ocrx_word' id='word_1_197' title='bbox 576 2107 674 2163; x_wconf 87' lang='lat' dir='ltr'><strong>Graeci</strong></span> <span class='ocrx_word' id='word_1_198' title='bbox 692 2108 826 2177; x_wconf 72' lang='lat' dir='ltr'><strong>sumpturus</strong></span> <span class='ocrx_word' id='word_1_199' title='bbox 847 2107 1055 2180; x_wconf 67' lang='grc' dir='ltr'><strong><em>καταισχύνειν,</em></strong></span> <span class='ocrx_word' id='word_1_200' title='bbox 1073 2101 1201 2179; x_wconf 63' lang='grc' dir='ltr'><strong>ὑβρίζειν</strong></span> <span class='ocrx_word' id='word_1_201' title='bbox 1221 2109 1261 2163; x_wconf 79' lang='lat' dir='ltr'><strong>eal</strong></span> 
     </span>
     <span class='ocr_line' id='line_1_23' title="bbox 132 2175 929 2246; baseline 0.004 -18"><span class='ocrx_word' id='word_1_202' title='bbox 132 2175 182 2230; x_wconf 86' lang='lat' dir='ltr'><strong>alio</strong></span> <span class='ocrx_word' id='word_1_203' title='bbox 194 2176 342 2233; x_wconf 86' lang='lat' dir='ltr'><strong>huiusmodi</strong></span> <span class='ocrx_word' id='word_1_204' title='bbox 356 2178 502 2231; x_wconf 86' lang='lat' dir='ltr'><strong>habendum</strong></span> <span class='ocrx_word' id='word_1_205' title='bbox 518 2179 577 2232; x_wconf 83' lang='lat' dir='ltr'><strong>erit</strong></span> <span class='ocrx_word' id='word_1_206' title='bbox 597 2207 631 2217; x_wconf 91' lang='lat'>-</span> <span class='ocrx_word' id='word_1_207' title='bbox 647 2179 761 2246; x_wconf 68' lang='lat' dir='ltr'><strong>stuba]</strong></span> <span class='ocrx_word' id='word_1_208' title='bbox 779 2177 929 2232; x_wconf 85' lang='lat' dir='ltr'><strong>Harmodio.</strong></span> 
     </span>
    </p>

    <p class='ocr_par' dir='ltr' id='par_1_6' title="bbox 128 2241 1260 2384">
     <span class='ocr_line' id='line_1_24' title="bbox 128 2241 1260 2312; baseline 0.002 -14"><span class='ocrx_word' id='word_1_209' title='bbox 128 2263 132 2270; x_wconf 95' lang='lat'>·</span> <span class='ocrx_word' id='word_1_210' title='bbox 200 2249 216 2308; x_wconf 77' lang='lat' dir='ltr'>S</span> <span class='ocrx_word' id='word_1_211' title='bbox 229 2247 255 2298; x_wconf 84' lang='lat'><strong>3.</strong></span> <span class='ocrx_word' id='word_1_212' title='bbox 274 2246 386 2296; x_wconf 83' lang='lat' dir='ltr'><strong>conscios</strong></span> <span class='ocrx_word' id='word_1_213' title='bbox 400 2247 505 2312; x_wconf 76' lang='lat' dir='ltr'><strong>caedis]</strong></span> <span class='ocrx_word' id='word_1_214' title='bbox 526 2249 614 2299; x_wconf 82' lang='lat' dir='ltr'><strong>caedis</strong></span> <span class='ocrx_word' id='word_1_215' title='bbox 628 2248 703 2299; x_wconf 89' lang='lat' dir='ltr'><strong>codd.</strong></span> <span class='ocrx_word' id='word_1_216' title='bbox 716 2263 802 2299; x_wconf 84' lang='lat' dir='ltr'><strong>omncs</strong></span> <span class='ocrx_word' id='word_1_217' title='bbox 817 2245 906 2300; x_wconf 76' lang='lat' dir='ltr'><strong>Monoi</strong></span> <span class='ocrx_word' id='word_1_218' title='bbox 914 2247 1045 2302; x_wconf 79' lang='lat' dir='ltr'><strong>omittunt.</strong></span> <span class='ocrx_word' id='word_1_219' title='bbox 1067 2241 1107 2300; x_wconf 81' lang='lat' dir='ltr'><strong>De</strong></span> <span class='ocrx_word' id='word_1_220' title='bbox 1121 2247 1260 2300; x_wconf 87' lang='lat' dir='ltr'><strong>tormentis</strong></span> 
     </span>
     <span class='ocr_line' id='line_1_25' title="bbox 131 2311 1257 2384; baseline 0 -17"><span class='ocrx_word' id='word_1_221' title='bbox 131 2311 304 2378; x_wconf 79' lang='lat' dir='ltr'><strong>Aristogitoni</strong></span> <span class='ocrx_word' id='word_1_222' title='bbox 318 2313 359 2364; x_wconf 84' lang='lat' dir='ltr'><strong>vel</strong></span> <span class='ocrx_word' id='word_1_223' title='bbox 368 2312 509 2366; x_wconf 86' lang='lat' dir='ltr'><strong>Harmodio</strong></span> <span class='ocrx_word' id='word_1_224' title='bbox 524 2313 648 2366; x_wconf 85' lang='lat' dir='ltr'><strong>adhibitis</strong></span> <span class='ocrx_word' id='word_1_225' title='bbox 662 2314 745 2367; x_wconf 81' lang='lat' dir='ltr'><strong>nullus</strong></span> <span class='ocrx_word' id='word_1_226' title='bbox 759 2313 886 2383; x_wconf 88' lang='lat' dir='ltr'><strong>scriptor;</strong></span> <span class='ocrx_word' id='word_1_227' title='bbox 905 2332 962 2368; x_wconf 88' lang='lat' dir='ltr'><strong>nam</strong></span> <span class='ocrx_word' id='word_1_228' title='bbox 973 2315 1090 2384; x_wconf 77' lang='lat' dir='ltr'><strong>Thucyd.</strong></span> <span class='ocrx_word' id='word_1_229' title='bbox 1104 2313 1147 2367; x_wconf 88' lang='lat' dir='ltr'><strong>illa</strong></span> <span class='ocrx_word' id='word_1_230' title='bbox 1159 2316 1257 2368; x_wconf 79' lang='lat' dir='ltr'><strong>verbra</strong></span> 
     </span>
    </p>
   </div>
   <div class='ocr_carea' id='block_1_4' title="bbox 131 2375 1257 2453">
    <p class='ocr_par' dir='ltr' id='par_1_7' title="bbox 131 2375 1257 2453">
     <span class='ocr_line' id='line_1_26' title="bbox 131 2375 1257 2453; baseline 0.003 -19"><span class='ocrx_word' id='word_1_231' title='bbox 131 2376 168 2434; x_wconf 77' lang='grc' dir='ltr'><strong>ου’</strong></span> <span class='ocrx_word' id='word_1_232' title='bbox 188 2377 291 2452; x_wconf 77' lang='grc' dir='ltr'><em>ῥᾳδίως</em></span> <span class='ocrx_word' id='word_1_233' title='bbox 312 2375 425 2446; x_wconf 73' lang='grc' dir='ltr'><em>διετέθη</em></span> <span class='ocrx_word' id='word_1_234' title='bbox 443 2381 504 2448; x_wconf 90' lang='lat' dir='ltr'><strong>(Vl,</strong></span> <span class='ocrx_word' id='word_1_235' title='bbox 521 2383 580 2449; x_wconf 83' lang='lat'>57.)</span> <span class='ocrx_word' id='word_1_236' title='bbox 598 2382 676 2434; x_wconf 83' lang='lat' dir='ltr'><strong>aliter</strong></span> <span class='ocrx_word' id='word_1_237' title='bbox 696 2381 865 2450; x_wconf 83' lang='lat' dir='ltr'><strong>intelligenda</strong></span> <span class='ocrx_word' id='word_1_238' title='bbox 883 2392 944 2437; x_wconf 82' lang='lat' dir='ltr'><strong>runt</strong></span> <span class='ocrx_word' id='word_1_239' title='bbox 961 2386 1002 2453; x_wconf 86' lang='lat' dir='ltr'><strong>(v.</strong></span> <span class='ocrx_word' id='word_1_240' title='bbox 1017 2385 1138 2450; x_wconf 68' lang='lat' dir='ltr'><strong>litania),</strong></span> <span class='ocrx_word' id='word_1_241' title='bbox 1155 2383 1257 2437; x_wconf 82' lang='lat' dir='ltr'><strong>nonde</strong></span> 
     </span>
    </p>
   </div>
   <div class='ocr_carea' id='block_1_5' title="bbox 36 2445 1259 2522">
    <p class='ocr_par' dir='ltr' id='par_1_8' title="bbox 36 2445 1259 2522">
     <span class='ocr_line' id='line_1_27' title="bbox 36 2445 1259 2522; baseline 0.002 -20"><span class='ocrx_word' id='word_1_242' title='bbox 36 2451 40 2463; x_wconf 92' lang='grc'><strong>“</strong></span> <span class='ocrx_word' id='word_1_243' title='bbox 130 2445 281 2511; x_wconf 62' lang='lat' dir='ltr'><strong>mundatis,</strong></span> <span class='ocrx_word' id='word_1_244' title='bbox 307 2453 337 2499; x_wconf 91' lang='lat' dir='ltr'><strong>ut</strong></span> <span class='ocrx_word' id='word_1_245' title='bbox 354 2449 471 2517; x_wconf 81' lang='lat' dir='ltr'><strong>ligonius</strong></span> <span class='ocrx_word' id='word_1_246' title='bbox 490 2466 515 2518; x_wconf 85' lang='lat' dir='ltr'><strong>p.</strong></span> <span class='ocrx_word' id='word_1_247' title='bbox 527 2450 578 2505; x_wconf 68' lang='grc'><strong>66.</strong></span> <span class='ocrx_word' id='word_1_248' title='bbox 601 2449 634 2504; x_wconf 90' lang='lat' dir='ltr'><strong>ad</strong></span> <span class='ocrx_word' id='word_1_249' title='bbox 653 2446 783 2522; x_wconf 65' lang='grc' dir='ltr'><strong><em>σκόλια</em></strong></span> <span class='ocrx_word' id='word_1_250' title='bbox 801 2451 978 2516; x_wconf 79' lang='lat' dir='ltr'><strong>Graecorum,</strong></span> <span class='ocrx_word' id='word_1_251' title='bbox 1003 2455 1046 2506; x_wconf 90' lang='lat' dir='ltr'><strong>ubi</strong></span> <span class='ocrx_word' id='word_1_252' title='bbox 1069 2470 1135 2522; x_wconf 86' lang='lat' dir='ltr'><strong>quae</strong></span> <span class='ocrx_word' id='word_1_253' title='bbox 1153 2451 1187 2506; x_wconf 87' lang='lat' dir='ltr'><strong>de</strong></span> <span class='ocrx_word' id='word_1_254' title='bbox 1205 2453 1259 2506; x_wconf 85' lang='lat' dir='ltr'><strong>bac</strong></span> 
     </span>
    </p>
   </div>
   <div class='ocr_carea' id='block_1_6' title="bbox 105 2517 1260 3214">
    <p class='ocr_par' dir='ltr' id='par_1_9' title="bbox 105 2517 1260 2933">
     <span class='ocr_line' id='line_1_28' title="bbox 105 2517 1260 2590; baseline 0.003 -20"><span class='ocrx_word' id='word_1_255' title='bbox 105 2573 106 2578; x_wconf 57' lang='grc'>,</span> <span class='ocrx_word' id='word_1_256' title='bbox 131 2517 212 2570; x_wconf 83' lang='lat' dir='ltr'><strong>caede</strong></span> <span class='ocrx_word' id='word_1_257' title='bbox 226 2523 327 2570; x_wconf 86' lang='lat' dir='ltr'><strong>veteres</strong></span> <span class='ocrx_word' id='word_1_258' title='bbox 343 2523 464 2579; x_wconf 85' lang='lat' dir='ltr'><strong>narrant,</strong></span> <span class='ocrx_word' id='word_1_259' title='bbox 481 2517 595 2583; x_wconf 79' lang='lat' dir='ltr'><strong>collegit.</strong></span> <span class='ocrx_word' id='word_1_260' title='bbox 623 2517 727 2572; x_wconf 85' lang='lat' dir='ltr'><strong>Leaena</strong></span> <span class='ocrx_word' id='word_1_261' title='bbox 740 2525 841 2583; x_wconf 79' lang='lat' dir='ltr'><strong>tamen,</strong></span> <span class='ocrx_word' id='word_1_262' title='bbox 860 2521 942 2574; x_wconf 80' lang='lat' dir='ltr'><strong>abrica</strong></span> <span class='ocrx_word' id='word_1_263' title='bbox 959 2521 1157 2590; x_wconf 74' lang='lat' dir='ltr'><strong>Aristogitonis,</strong></span> <span class='ocrx_word' id='word_1_264' title='bbox 1175 2521 1260 2576; x_wconf 79' lang='lat' dir='ltr'><strong>maai-</strong></span> 
     </span>
     <span class='ocr_line' id='line_1_29' title="bbox 130 2584 1216 2660; baseline 0.006 -20"><span class='ocrx_word' id='word_1_265' title='bbox 130 2585 179 2640; x_wconf 80' lang='lat' dir='ltr'><strong>nris</strong></span> <span class='ocrx_word' id='word_1_266' title='bbox 189 2585 347 2650; x_wconf 83' lang='lat' dir='ltr'><strong>cruciatibus</strong></span> <span class='ocrx_word' id='word_1_267' title='bbox 361 2584 396 2638; x_wconf 90' lang='lat' dir='ltr'><strong>ad</strong></span> <span class='ocrx_word' id='word_1_268' title='bbox 410 2591 514 2640; x_wconf 86' lang='lat' dir='ltr'><strong>mortem</strong></span> <span class='ocrx_word' id='word_1_269' title='bbox 528 2587 625 2660; x_wconf 73' lang='lat' dir='ltr'><strong>allecta</strong></span> <span class='ocrx_word' id='word_1_270' title='bbox 639 2595 695 2650; x_wconf 80' lang='lat' dir='ltr'><strong>est3</strong></span> <span class='ocrx_word' id='word_1_271' title='bbox 713 2587 748 2640; x_wconf 86' lang='lat' dir='ltr'><strong>cf.</strong></span> <span class='ocrx_word' id='word_1_272' title='bbox 760 2587 880 2642; x_wconf 84' lang='lat' dir='ltr'><strong>Siebelis.</strong></span> <span class='ocrx_word' id='word_1_273' title='bbox 892 2591 925 2643; x_wconf 90' lang='lat' dir='ltr'><strong>ad</strong></span> <span class='ocrx_word' id='word_1_274' title='bbox 940 2591 1049 2645; x_wconf 87' lang='lat' dir='ltr'><strong>Pausan.</strong></span> <span class='ocrx_word' id='word_1_275' title='bbox 1065 2591 1091 2653; x_wconf 91' lang='lat' dir='ltr'><strong>l,</strong></span> <span class='ocrx_word' id='word_1_276' title='bbox 1104 2593 1154 2656; x_wconf 77' lang='grc'><strong>23,</strong></span> <span class='ocrx_word' id='word_1_277' title='bbox 1173 2595 1197 2646; x_wconf 85' lang='lat' dir='ltr'><strong>i·</strong></span> <span class='ocrx_word' id='word_1_278' title='bbox 1213 2625 1216 2636; x_wconf 86' lang='lat'>·</span> 
     </span>
     <span class='ocr_line' id='line_1_30' title="bbox 152 2653 1258 2740; baseline 0.001 -29"><span class='ocrx_word' id='word_1_279' title='bbox 152 2725 181 2740; x_wconf 92' lang='lat'><strong>..</strong></span> <span class='ocrx_word' id='word_1_280' title='bbox 199 2660 215 2722; x_wconf 81' lang='lat'>§</span> <span class='ocrx_word' id='word_1_281' title='bbox 233 2653 259 2711; x_wconf 75' lang='lat' dir='ltr'><strong>i.</strong></span> <span class='ocrx_word' id='word_1_282' title='bbox 278 2673 354 2724; x_wconf 85' lang='lat' dir='ltr'><strong>quom</strong></span> <span class='ocrx_word' id='word_1_283' title='bbox 370 2655 471 2724; x_wconf 79' lang='lat' dir='ltr'><strong>iprum]</strong></span> <span class='ocrx_word' id='word_1_284' title='bbox 490 2655 579 2723; x_wconf 78' lang='lat' dir='ltr'><strong>Meu,</strong></span> <span class='ocrx_word' id='word_1_285' title='bbox 599 2656 695 2726; x_wconf 80' lang='lat' dir='ltr'><strong>Magi,</strong></span> <span class='ocrx_word' id='word_1_286' title='bbox 712 2655 787 2712; x_wconf 84' lang='lat' dir='ltr'><strong>Laid.</strong></span> <span class='ocrx_word' id='word_1_287' title='bbox 803 2659 831 2714; x_wconf 82' lang='lat'><strong>2.</strong></span> <span class='ocrx_word' id='word_1_288' title='bbox 849 2660 882 2726; x_wconf 83' lang='lat'><strong>5,</strong></span> <span class='ocrx_word' id='word_1_289' title='bbox 899 2659 996 2730; x_wconf 84' lang='lat' dir='ltr'><strong>Prag.,</strong></span> <span class='ocrx_word' id='word_1_290' title='bbox 1012 2659 1105 2725; x_wconf 88' lang='lat' dir='ltr'><strong>Bodl„</strong></span> <span class='ocrx_word' id='word_1_291' title='bbox 1123 2663 1139 2716; x_wconf 83' lang='lat'>1</span> <span class='ocrx_word' id='word_1_292' title='bbox 1157 2659 1258 2730; x_wconf 60' lang='lat' dir='ltr'><strong>Bnngm</strong></span> 
     </span>
     <span class='ocr_line' id='line_1_31' title="bbox 130 2743 1153 2779; baseline 0.003 0"><span class='ocrx_word' id='word_1_293' title='bbox 130 2743 180 2779; x_wconf 78' lang='lat' dir='ltr'><strong>nass</strong></span> <span class='ocrx_word' id='word_1_294' title='bbox 197 2745 216 2778; x_wconf 86' lang='lat' dir='ltr'><strong>s.</strong></span> <span class='ocrx_word' id='word_1_295' title='bbox 410 2752 413 2758; x_wconf 95' lang='lat'><em>·</em></span> <span class='ocrx_word' id='word_1_296' title='bbox 1148 2760 1153 2772; x_wconf 80' lang='lat'>›</span> 
     </span>
     <span class='ocr_line' id='line_1_32' title="bbox 199 2793 926 2864; baseline 0.003 -18"><span class='ocrx_word' id='word_1_297' title='bbox 199 2793 368 2864; x_wconf 58' lang='grc' dir='ltr'><strong>ἕλωμαι]</strong></span> <span class='ocrx_word' id='word_1_298' title='bbox 387 2794 547 2861; x_wconf 73' lang='lat' dir='ltr'><strong>c.5.§12.</strong></span> <span class='ocrx_word' id='word_1_299' title='bbox 742 2803 746 2806; x_wconf 86' lang='lat'>&#39;</span> <span class='ocrx_word' id='word_1_300' title='bbox 793 2827 795 2834; x_wconf 65' lang='lat'><strong>,</strong></span> <span class='ocrx_word' id='word_1_301' title='bbox 923 2828 926 2848; x_wconf 67' lang='lat' dir='ltr'><strong>n</strong></span> 
     </span>
     <span class='ocr_line' id='line_1_33' title="bbox 119 2863 999 2933; baseline 0.008 -18"><span class='ocrx_word' id='word_1_302' title='bbox 119 2917 129 2928; x_wconf 63' lang='grc'>,</span> <span class='ocrx_word' id='word_1_303' title='bbox 157 2925 159 2932; x_wconf 33' lang='grc' dir='ltr'>Ι</span> <span class='ocrx_word' id='word_1_304' title='bbox 195 2867 214 2930; x_wconf 65' lang='grc' dir='ltr'>ς</span> <span class='ocrx_word' id='word_1_305' title='bbox 232 2864 258 2916; x_wconf 89' lang='grc'><strong>8.</strong></span> <span class='ocrx_word' id='word_1_306' title='bbox 275 2863 340 2930; x_wconf 86' lang='lat' dir='ltr'><strong>tum]</strong></span> <span class='ocrx_word' id='word_1_307' title='bbox 362 2863 446 2928; x_wconf 78' lang='lat' dir='ltr'><strong>Med,</strong></span> <span class='ocrx_word' id='word_1_308' title='bbox 465 2864 562 2933; x_wconf 80' lang='lat' dir='ltr'><strong>Magi,</strong></span> <span class='ocrx_word' id='word_1_309' title='bbox 580 2864 680 2929; x_wconf 76' lang='lat' dir='ltr'><strong>Parin,</strong></span> <span class='ocrx_word' id='word_1_310' title='bbox 700 2866 795 2932; x_wconf 80' lang='lat' dir='ltr'><strong>Grac,</strong></span> <span class='ocrx_word' id='word_1_311' title='bbox 813 2867 911 2923; x_wconf 72' lang='lat' dir='ltr'><strong>(iotha</strong></span> <span class='ocrx_word' id='word_1_312' title='bbox 929 2877 999 2922; x_wconf 85' lang='lat' dir='ltr'><strong>tuuc.</strong></span> 
     </span>
    </p>

    <p class='ocr_par' dir='ltr' id='par_1_10' title="bbox 126 2933 1258 3214">
     <span class='ocr_line' id='line_1_34' title="bbox 159 2933 1256 3020; baseline 0.002 -32"><span class='ocrx_word' id='word_1_313' title='bbox 159 2953 163 2961; x_wconf 80' lang='lat'>·</span> <span class='ocrx_word' id='word_1_314' title='bbox 198 2935 215 2999; x_wconf 83' lang='lat'>§</span> <span class='ocrx_word' id='word_1_315' title='bbox 232 2934 258 2988; x_wconf 83' lang='lat'><strong>8.</strong></span> <span class='ocrx_word' id='word_1_316' title='bbox 272 2933 437 3002; x_wconf 73' lang='lat' dir='ltr'><strong>patinarum]</strong></span> <span class='ocrx_word' id='word_1_317' title='bbox 449 2933 493 2986; x_wconf 87' lang='lat' dir='ltr'><strong>&#39;ln</strong></span> <span class='ocrx_word' id='word_1_318' title='bbox 514 2933 631 2988; x_wconf 85' lang='lat' dir='ltr'><strong>omnibus</strong></span> <span class='ocrx_word' id='word_1_319' title='bbox 656 2935 730 2988; x_wconf 88' lang='lat' dir='ltr'><strong>codd.</strong></span> <span class='ocrx_word' id='word_1_320' title='bbox 749 2937 832 3004; x_wconf 81' lang='lat' dir='ltr'><strong>Bong.</strong></span> <span class='ocrx_word' id='word_1_321' title='bbox 854 2943 1011 3020; x_wconf 76' lang='lat' dir='ltr'><strong>praeteri,</strong></span> <span class='ocrx_word' id='word_1_322' title='bbox 1036 2944 1064 2992; x_wconf 89' lang='lat' dir='ltr'><strong>et</strong></span> <span class='ocrx_word' id='word_1_323' title='bbox 1082 2935 1110 2990; x_wconf 88' lang='lat' dir='ltr'><strong>in</strong></span> <span class='ocrx_word' id='word_1_324' title='bbox 1132 2937 1256 2990; x_wconf 79' lang='lat' dir='ltr'><strong>Thoan:</strong></span> 
     </span>
     <span class='ocr_line' id='line_1_35' title="bbox 126 3003 1257 3088; baseline 0.002 -32"><span class='ocrx_word' id='word_1_325' title='bbox 126 3003 351 3070; x_wconf 72' lang='lat' dir='ltr'><strong>perduraverunt,</strong></span> <span class='ocrx_word' id='word_1_326' title='bbox 367 3003 439 3069; x_wconf 82' lang='lat' dir='ltr'><strong>,quod</strong></span> <span class='ocrx_word' id='word_1_327' title='bbox 460 3003 609 3056; x_wconf 84' lang='lat' dir='ltr'><strong>Gronovius</strong></span> <span class='ocrx_word' id='word_1_328' title='bbox 629 3003 656 3054; x_wconf 91' lang='lat' dir='ltr'><strong>in</strong></span> <span class='ocrx_word' id='word_1_329' title='bbox 677 3003 732 3057; x_wconf 86' lang='lat' dir='ltr'><strong>suis</strong></span> <span class='ocrx_word' id='word_1_330' title='bbox 743 3006 876 3075; x_wconf 26' lang='lat' dir='ltr'><strong>,repensae</strong></span> <span class='ocrx_word' id='word_1_331' title='bbox 891 3024 940 3060; x_wconf 91' lang='lat' dir='ltr'><strong>non</strong></span> <span class='ocrx_word' id='word_1_332' title='bbox 960 3007 1081 3069; x_wconf 79' lang='lat' dir='ltr'><strong>ridetur3</strong></span> <span class='ocrx_word' id='word_1_333' title='bbox 1099 3006 1257 3088; x_wconf 60' lang='lat' dir='ltr'><strong>recepissem</strong></span> 
     </span>
     <span class='ocr_line' id='line_1_36' title="bbox 129 3071 1258 3145; baseline 0.005 -23"><span class='ocrx_word' id='word_1_334' title='bbox 129 3080 229 3136; x_wconf 84' lang='lat' dir='ltr'><strong>tamen,</strong></span> <span class='ocrx_word' id='word_1_335' title='bbox 248 3071 334 3128; x_wconf 80' lang='lat' dir='ltr'><strong>eiiam</strong></span> <span class='ocrx_word' id='word_1_336' title='bbox 354 3081 422 3124; x_wconf 86' lang='lat' dir='ltr'><strong>nnnc</strong></span> <span class='ocrx_word' id='word_1_337' title='bbox 435 3072 591 3126; x_wconf 81' lang='lat' dir='ltr'><strong>testimoniis</strong></span> <span class='ocrx_word' id='word_1_338' title='bbox 610 3074 723 3142; x_wconf 82' lang='lat' dir='ltr'><strong>probare</strong></span> <span class='ocrx_word' id='word_1_339' title='bbox 741 3091 856 3143; x_wconf 82' lang='lat' dir='ltr'><strong>possam,</strong></span> <span class='ocrx_word' id='word_1_340' title='bbox 874 3077 1018 3145; x_wconf 77' lang='lat' dir='ltr'><strong>pmclurarc</strong></span> <span class='ocrx_word' id='word_1_341' title='bbox 1031 3075 1055 3127; x_wconf 87' lang='lat' dir='ltr'><strong>b.</strong></span> <span class='ocrx_word' id='word_1_342' title='bbox 1069 3075 1089 3128; x_wconf 88' lang='lat' dir='ltr'><strong>l.</strong></span> <span class='ocrx_word' id='word_1_343' title='bbox 1105 3074 1258 3144; x_wconf 74' lang='lat' dir='ltr'><strong>significare</strong></span> 
     </span>
     <span class='ocr_line' id='line_1_37' title="bbox 129 3142 1256 3214; baseline 0.007 -24"><span class='ocrx_word' id='word_1_344' title='bbox 129 3142 182 3203; x_wconf 66' lang='lat' dir='ltr'><strong>aut</strong></span> <span class='ocrx_word' id='word_1_345' title='bbox 193 3147 273 3192; x_wconf 79' lang='lat' dir='ltr'><strong>ctons</strong></span> <span class='ocrx_word' id='word_1_346' title='bbox 294 3143 428 3209; x_wconf 70' lang='lat' dir='ltr'><strong>bertelino,</strong></span> <span class='ocrx_word' id='word_1_347' title='bbox 448 3143 562 3208; x_wconf 83' lang='lat' dir='ltr'><strong>instare,</strong></span> <span class='ocrx_word' id='word_1_348' title='bbox 580 3142 650 3214; x_wconf 90' lang='lat' dir='ltr'><strong>quod</strong></span> <span class='ocrx_word' id='word_1_349' title='bbox 667 3159 758 3198; x_wconf 85' lang='lat' dir='ltr'><strong>verum</strong></span> <span class='ocrx_word' id='word_1_350' title='bbox 776 3161 835 3198; x_wconf 83' lang='lat' dir='ltr'><strong>ease</strong></span> <span class='ocrx_word' id='word_1_351' title='bbox 850 3143 960 3200; x_wconf 87' lang='lat' dir='ltr'><strong>conlido.</strong></span> <span class='ocrx_word' id='word_1_352' title='bbox 983 3143 1120 3198; x_wconf 77' lang='lat' dir='ltr'><strong>Sabellos:</strong></span> <span class='ocrx_word' id='word_1_353' title='bbox 1133 3143 1256 3214; x_wconf 67' lang='lat' dir='ltr'><strong>pauma-</strong></span> 
     </span>
    </p>
   </div>
   <div class='ocr_carea' id='block_1_7' title="bbox 57 3207 409 3269">
    <p class='ocr_par' dir='ltr' id='par_1_11' title="bbox 57 3207 409 3269">
     <span class='ocr_line' id='line_1_38' title="bbox 57 3207 409 3269; baseline -0.003 -10"><span class='ocrx_word' id='word_1_354' title='bbox 57 3219 61 3228; x_wconf 89' lang='lat'>·</span> <span class='ocrx_word' id='word_1_355' title='bbox 114 3213 236 3269; x_wconf 69' lang='lat' dir='ltr'><strong>cerunt,</strong></span> <span class='ocrx_word' id='word_1_356' title='bbox 254 3207 366 3260; x_wconf 86' lang='lat' dir='ltr'><strong>utLeid.</strong></span> <span class='ocrx_word' id='word_1_357' title='bbox 383 3209 409 3261; x_wconf 84' lang='lat'><strong>4.</strong></span> 
     </span>
    </p>
   </div>
   <div class='ocr_carea' id='block_1_8' title="bbox 198 3273 1255 3352">
    <p class='ocr_par' dir='ltr' id='par_1_12' title="bbox 198 3273 1255 3352">
     <span class='ocr_line' id='line_1_39' title="bbox 198 3273 1255 3352; baseline 0.004 -22"><span class='ocrx_word' id='word_1_358' title='bbox 198 3277 215 3340; x_wconf 75' lang='grc'>5</span> <span class='ocrx_word' id='word_1_359' title='bbox 232 3277 258 3330; x_wconf 84' lang='grc'><strong>9.</strong></span> <span class='ocrx_word' id='word_1_360' title='bbox 276 3277 411 3342; x_wconf 81' lang='lat' dir='ltr'><strong>quatridui</strong></span> <span class='ocrx_word' id='word_1_361' title='bbox 425 3281 570 3348; x_wconf 80' lang='lat' dir='ltr'><strong>reiigione]</strong></span> <span class='ocrx_word' id='word_1_362' title='bbox 589 3275 631 3333; x_wconf 76' lang='lat' dir='ltr'><strong>leri</strong></span> <span class='ocrx_word' id='word_1_363' title='bbox 648 3279 714 3334; x_wconf 85' lang='lat' dir='ltr'><strong>anim</strong></span> <span class='ocrx_word' id='word_1_364' title='bbox 731 3287 790 3336; x_wconf 81' lang='lat' dir='ltr'><strong>erat</strong></span> <span class='ocrx_word' id='word_1_365' title='bbox 807 3281 876 3352; x_wconf 86' lang='lat' dir='ltr'><strong>apud</strong></span> <span class='ocrx_word' id='word_1_366' title='bbox 891 3281 1052 3351; x_wconf 84' lang='lat' dir='ltr'><strong>Spartanos,</strong></span> <span class='ocrx_word' id='word_1_367' title='bbox 1076 3287 1106 3334; x_wconf 89' lang='lat' dir='ltr'><strong>ut</strong></span> <span class='ocrx_word' id='word_1_368' title='bbox 1121 3284 1181 3335; x_wconf 65' lang='lat' dir='ltr'><strong>anm</strong></span> <span class='ocrx_word' id='word_1_369' title='bbox 1197 3273 1255 3350; x_wconf 80' lang='lat' dir='ltr'><strong>ple·</strong></span> 
     </span>
    </p>
   </div>
   <div class='ocr_carea' id='block_1_9' title="bbox 21 3342 1255 3420">
    <p class='ocr_par' dir='ltr' id='par_1_13' title="bbox 21 3342 1255 3420">
     <span class='ocr_line' id='line_1_40' title="bbox 21 3342 1255 3420; baseline 0.006 -24"><span class='ocrx_word' id='word_1_370' title='bbox 21 3381 23 3386; x_wconf 68' lang='lat'><strong>,</strong></span> <span class='ocrx_word' id='word_1_371' title='bbox 129 3342 250 3397; x_wconf 82' lang='lat' dir='ltr'><strong>ollonium</strong></span> <span class='ocrx_word' id='word_1_372' title='bbox 265 3342 440 3397; x_wconf 78' lang='lat' dir='ltr'><strong>exercitarent</strong></span> <span class='ocrx_word' id='word_1_373' title='bbox 458 3349 522 3400; x_wconf 89' lang='lat' dir='ltr'><strong>urbe</strong></span> <span class='ocrx_word' id='word_1_374' title='bbox 539 3351 572 3400; x_wconf 87' lang='lat' dir='ltr'><strong>ad</strong></span> <span class='ocrx_word' id='word_1_375' title='bbox 583 3344 685 3402; x_wconf 53' lang='lat' dir='ltr'><strong>&#39;bellurn</strong></span> <span class='ocrx_word' id='word_1_376' title='bbox 702 3367 735 3402; x_wconf 85' lang='lat' dir='ltr'><strong>ne</strong></span> <span class='ocrx_word' id='word_1_377' title='bbox 753 3351 980 3420; x_wconf 82' lang='lat' dir='ltr'><strong>proficisceretnr3</strong></span> <span class='ocrx_word' id='word_1_378' title='bbox 999 3351 1059 3404; x_wconf 86' lang='lat' dir='ltr'><strong>binc</strong></span> <span class='ocrx_word' id='word_1_379' title='bbox 1072 3351 1169 3404; x_wconf 77' lang='lat' dir='ltr'><strong>Oros-r</strong></span> <span class='ocrx_word' id='word_1_380' title='bbox 1188 3367 1255 3420; x_wconf 76' lang='lat' dir='ltr'><strong>quu-</strong></span> 
     </span>
    </p>
   </div>
   <div class='ocr_carea' id='block_1_10' title="bbox 68 3413 1265 4108">
    <p class='ocr_par' dir='ltr' id='par_1_14' title="bbox 128 3413 1132 3486">
     <span class='ocr_line' id='line_1_41' title="bbox 128 3413 1132 3486; baseline 0.004 -20"><span class='ocrx_word' id='word_1_381' title='bbox 128 3413 270 3467; x_wconf 83' lang='lat' dir='ltr'><strong>tridunnac</strong></span> <span class='ocrx_word' id='word_1_382' title='bbox 284 3413 420 3481; x_wconf 81' lang='lat' dir='ltr'><strong>religionis</strong></span> <span class='ocrx_word' id='word_1_383' title='bbox 434 3416 496 3466; x_wconf 88' lang='lat' dir='ltr'><strong>otio.</strong></span> <span class='ocrx_word' id='word_1_384' title='bbox 515 3417 612 3480; x_wconf 83' lang='lat' dir='ltr'><strong>Goth,</strong></span> <span class='ocrx_word' id='word_1_385' title='bbox 631 3417 710 3476; x_wconf 82' lang='lat' dir='ltr'><strong>Dorv,</strong></span> <span class='ocrx_word' id='word_1_386' title='bbox 727 3423 748 3471; x_wconf 87' lang='lat' dir='ltr'><strong>l.</strong></span> <span class='ocrx_word' id='word_1_387' title='bbox 761 3421 793 3473; x_wconf 82' lang='lat'><strong>3:</strong></span> <span class='ocrx_word' id='word_1_388' title='bbox 812 3421 957 3474; x_wconf 83' lang='lat' dir='ltr'><strong>didicerunt</strong></span> <span class='ocrx_word' id='word_1_389' title='bbox 974 3421 1035 3486; x_wconf 85' lang='lat' dir='ltr'><strong>(pro</strong></span> <span class='ocrx_word' id='word_1_390' title='bbox 1051 3419 1132 3486; x_wconf 60' lang='grc' dir='ltr'><strong>υἱώ).</strong></span> 
     </span>
    </p>

    <p class='ocr_par' dir='ltr' id='par_1_15' title="bbox 109 3480 1256 3706">
     <span class='ocr_line' id='line_1_42' title="bbox 154 3480 1256 3570; baseline 0.005 -36"><span class='ocrx_word' id='word_1_391' title='bbox 154 3514 164 3548; x_wconf 56' lang='lat'><strong>,1</strong></span> <span class='ocrx_word' id='word_1_392' title='bbox 197 3499 249 3534; x_wconf 83' lang='lat' dir='ltr'><strong>non</strong></span> <span class='ocrx_word' id='word_1_393' title='bbox 261 3480 427 3549; x_wconf 68' lang='lat' dir='ltr'><strong>asportato]</strong></span> <span class='ocrx_word' id='word_1_394' title='bbox 445 3483 501 3540; x_wconf 86' lang='lat' dir='ltr'><strong>scil.</strong></span> <span class='ocrx_word' id='word_1_395' title='bbox 513 3484 624 3547; x_wconf 61' lang='lat' dir='ltr'><strong>anulio,</strong></span> <span class='ocrx_word' id='word_1_396' title='bbox 642 3484 710 3554; x_wconf 88' lang='lat' dir='ltr'><strong>quod</strong></span> <span class='ocrx_word' id='word_1_397' title='bbox 723 3488 815 3543; x_wconf 84' lang='lat' dir='ltr'><strong>vocab.</strong></span> <span class='ocrx_word' id='word_1_398' title='bbox 829 3496 1022 3558; x_wconf 67' lang='lat' dir='ltr'><strong>praecesseram</strong></span> <span class='ocrx_word' id='word_1_399' title='bbox 1037 3488 1183 3540; x_wconf 79' lang='lat' dir='ltr'><strong>editiones:</strong></span> <span class='ocrx_word' id='word_1_400' title='bbox 1201 3505 1256 3570; x_wconf 82' lang='lat' dir='ltr'><strong>nqn</strong></span> 
     </span>
     <span class='ocr_line' id='line_1_43' title="bbox 128 3549 1255 3626; baseline 0.005 -20"><span class='ocrx_word' id='word_1_401' title='bbox 128 3565 198 3620; x_wconf 63' lang='lat' dir='ltr'><strong>asp.</strong></span> <span class='ocrx_word' id='word_1_402' title='bbox 215 3551 298 3603; x_wconf 80' lang='lat' dir='ltr'><strong>nuri</strong></span> <span class='ocrx_word' id='word_1_403' title='bbox 306 3549 368 3612; x_wconf 86' lang='lat' dir='ltr'><strong>lio,</strong></span> <span class='ocrx_word' id='word_1_404' title='bbox 387 3549 433 3602; x_wconf 85' lang='lat' dir='ltr'><strong>sed</strong></span> <span class='ocrx_word' id='word_1_405' title='bbox 464 3559 576 3619; x_wconf 82' lang='lat' dir='ltr'><strong>ostrema</strong></span> <span class='ocrx_word' id='word_1_406' title='bbox 588 3570 639 3606; x_wconf 85' lang='lat' dir='ltr'><strong>vox</strong></span> <span class='ocrx_word' id='word_1_407' title='bbox 654 3554 772 3609; x_wconf 86' lang='lat' dir='ltr'><strong>abest&#39;ab</strong></span> <span class='ocrx_word' id='word_1_408' title='bbox 787 3556 903 3610; x_wconf 89' lang='lat' dir='ltr'><strong>omnibus</strong></span> <span class='ocrx_word' id='word_1_409' title='bbox 914 3564 966 3609; x_wconf 86' lang='lat' dir='ltr'><strong>tam</strong></span> <span class='ocrx_word' id='word_1_410' title='bbox 979 3557 1064 3626; x_wconf 77' lang='lat' dir='ltr'><strong>Bunq.</strong></span> <span class='ocrx_word' id='word_1_411' title='bbox 1077 3569 1153 3626; x_wconf 86' lang='lat' dir='ltr'><strong>qnam</strong></span> <span class='ocrx_word' id='word_1_412' title='bbox 1160 3555 1255 3612; x_wconf 77' lang='lat' dir='ltr'><strong>bladii.</strong></span> 
     </span>
     <span class='ocr_line' id='line_1_44' title="bbox 109 3568 961 3706; baseline 0.009 -33"><span class='ocrx_word' id='word_1_413' title='bbox 109 3673 113 3680; x_wconf 86' lang='grc'><strong>,</strong></span> <span class='ocrx_word' id='word_1_414' title='bbox 195 3619 326 3683; x_wconf 72' lang='lat' dir='ltr'><strong>sexcentol</strong></span> <span class='ocrx_word' id='word_1_415' title='bbox 347 3617 422 3672; x_wconf 86' lang='lat' dir='ltr'><strong>Vino.</strong></span> <span class='ocrx_word' id='word_1_416' title='bbox 440 3568 554 3674; x_wconf 61' lang='lat' dir='ltr'><strong>bellom:</strong></span> <span class='ocrx_word' id='word_1_417' title='bbox 571 3623 750 3706; x_wconf 69' lang='lat' dir='ltr'><strong>septingenta.</strong></span> <span class='ocrx_word' id='word_1_418' title='bbox 958 3682 961 3688; x_wconf 82' lang='grc'><em>,</em></span> 
     </span>
    </p>

    <p class='ocr_par' dir='ltr' id='par_1_16' title="bbox 196 3688 1265 3762">
     <span class='ocr_line' id='line_1_45' title="bbox 196 3688 1265 3762; baseline 0.006 -22"><span class='ocrx_word' id='word_1_419' title='bbox 196 3688 336 3756; x_wconf 82' lang='lat' dir='ltr'><strong>inrumpis</strong></span> <span class='ocrx_word' id='word_1_420' title='bbox 356 3688 547 3758; x_wconf 74' lang='lat' dir='ltr'><strong>Marathoniis]</strong></span> <span class='ocrx_word' id='word_1_421' title='bbox 571 3691 618 3742; x_wconf 77' lang='lat' dir='ltr'><strong>Suc</strong></span> <span class='ocrx_word' id='word_1_422' title='bbox 633 3691 722 3760; x_wconf 84' lang='lat' dir='ltr'><strong>optimi</strong></span> <span class='ocrx_word' id='word_1_423' title='bbox 740 3693 816 3746; x_wconf 86' lang='lat' dir='ltr'><strong>codd.</strong></span> <span class='ocrx_word' id='word_1_424' title='bbox 835 3696 863 3744; x_wconf 83' lang='lat' dir='ltr'><strong>at</strong></span> <span class='ocrx_word' id='word_1_425' title='bbox 887 3692 1004 3762; x_wconf 84' lang='lat' dir='ltr'><strong>plurimi,</strong></span> <span class='ocrx_word' id='word_1_426' title='bbox 1030 3691 1107 3748; x_wconf 68' lang='lat' dir='ltr'><strong>abans</strong></span> <span class='ocrx_word' id='word_1_427' title='bbox 1128 3693 1208 3747; x_wconf 85' lang='lat' dir='ltr'><strong>Oros.</strong></span> <span class='ocrx_word' id='word_1_428' title='bbox 1226 3700 1265 3746; x_wconf 65' lang='lat' dir='ltr'><strong>at«</strong></span> 
     </span>
    </p>

    <p class='ocr_par' dir='ltr' id='par_1_17' title="bbox 68 3755 1256 4108">
     <span class='ocr_line' id='line_1_46' title="bbox 128 3755 1256 3831; baseline 0.002 -19"><span class='ocrx_word' id='word_1_429' title='bbox 128 3756 263 3826; x_wconf 76' lang='lat' dir='ltr'><strong>chronogr·</strong></span> <span class='ocrx_word' id='word_1_430' title='bbox 289 3755 468 3812; x_wconf 81' lang='lat' dir='ltr'><strong>Oonscderant</strong></span> <span class='ocrx_word' id='word_1_431' title='bbox 481 3759 548 3814; x_wconf 79' lang='lat' dir='ltr'><strong>enisu</strong></span> <span class='ocrx_word' id='word_1_432' title='bbox 565 3759 603 3813; x_wconf 90' lang='lat' dir='ltr'><strong>ibi</strong></span> <span class='ocrx_word' id='word_1_433' title='bbox 616 3760 789 3831; x_wconf 82' lang='lat' dir='ltr'><strong>aliquamdiu,</strong></span> <span class='ocrx_word' id='word_1_434' title='bbox 808 3767 942 3830; x_wconf 64' lang='lat' dir='ltr'><strong>numquam</strong></span> <span class='ocrx_word' id='word_1_435' title='bbox 959 3761 986 3814; x_wconf 92' lang='lat' dir='ltr'><strong>in</strong></span> <span class='ocrx_word' id='word_1_436' title='bbox 1007 3763 1131 3830; x_wconf 80' lang='lat' dir='ltr'><strong>proelium</strong></span> <span class='ocrx_word' id='word_1_437' title='bbox 1150 3761 1256 3816; x_wconf 84' lang='lat' dir='ltr'><strong>exirent</strong></span> 
     </span>
     <span class='ocr_line' id='line_1_47' title="bbox 127 3828 1255 3898; baseline 0.004 -20"><span class='ocrx_word' id='word_1_438' title='bbox 127 3831 157 3878; x_wconf 85' lang='lat' dir='ltr'><strong>ct</strong></span> <span class='ocrx_word' id='word_1_439' title='bbox 167 3842 257 3882; x_wconf 86' lang='lat' dir='ltr'><strong>manus</strong></span> <span class='ocrx_word' id='word_1_440' title='bbox 269 3834 451 3892; x_wconf 81' lang='lat' dir='ltr'><strong>consererent3</strong></span> <span class='ocrx_word' id='word_1_441' title='bbox 468 3845 494 3882; x_wconf 83' lang='lat' dir='ltr'><strong>r.</strong></span> <span class='ocrx_word' id='word_1_442' title='bbox 507 3828 604 3884; x_wconf 84' lang='lat' dir='ltr'><strong>Herod.</strong></span> <span class='ocrx_word' id='word_1_443' title='bbox 614 3829 660 3896; x_wconf 89' lang='lat' dir='ltr'><strong>Vl,</strong></span> <span class='ocrx_word' id='word_1_444' title='bbox 672 3833 728 3887; x_wconf 82' lang='lat' dir='ltr'><strong>toa.</strong></span> <span class='ocrx_word' id='word_1_445' title='bbox 744 3829 802 3884; x_wconf 84' lang='lat' dir='ltr'><strong>coll.</strong></span> <span class='ocrx_word' id='word_1_446' title='bbox 817 3831 874 3888; x_wconf 80' lang='lat' dir='ltr'><strong>llo.</strong></span> <span class='ocrx_word' id='word_1_447' title='bbox 894 3829 935 3883; x_wconf 79' lang='lat' dir='ltr'><strong>Ec</strong></span> <span class='ocrx_word' id='word_1_448' title='bbox 948 3832 1031 3884; x_wconf 88' lang='lat' dir='ltr'><strong>minus</strong></span> <span class='ocrx_word' id='word_1_449' title='bbox 1044 3830 1125 3898; x_wconf 79' lang='lat' dir='ltr'><strong>igitur</strong></span> <span class='ocrx_word' id='word_1_450' title='bbox 1138 3831 1255 3886; x_wconf 81' lang='lat' dir='ltr'><strong>sermoni</strong></span> 
     </span>
     <span class='ocr_line' id='line_1_48' title="bbox 68 3893 1254 4020; baseline 0.006 -73"><span class='ocrx_word' id='word_1_451' title='bbox 68 3947 70 3954; x_wconf 84' lang='grc'>,</span> <span class='ocrx_word' id='word_1_452' title='bbox 126 3893 270 4020; x_wconf 52' lang='lat' dir='ltr'><strong>timendum¹</strong></span> <span class='ocrx_word' id='word_1_453' title='bbox 282 3905 357 3960; x_wconf 79' lang='lat' dir='ltr'><strong>erat3</strong></span> <span class='ocrx_word' id='word_1_454' title='bbox 376 3903 462 3952; x_wconf 86' lang='lat' dir='ltr'><strong>tamen</strong></span> <span class='ocrx_word' id='word_1_455' title='bbox 480 3897 541 3954; x_wconf 86' lang='lat' dir='ltr'><strong>add.</strong></span> <span class='ocrx_word' id='word_1_456' title='bbox 560 3915 644 3970; x_wconf 82' lang='lat' dir='ltr'><strong>paens</strong></span> <span class='ocrx_word' id='word_1_457' title='bbox 661 3915 762 3956; x_wconf 77' lang='lat' dir='ltr'><strong>omnen</strong></span> <span class='ocrx_word' id='word_1_458' title='bbox 788 3899 815 3953; x_wconf 86' lang='lat' dir='ltr'><strong>in</strong></span> <span class='ocrx_word' id='word_1_459' title='bbox 833 3915 937 3970; x_wconf 80' lang='lat' dir='ltr'><strong>campos</strong></span> <span class='ocrx_word' id='word_1_460' title='bbox 957 3901 1156 3964; x_wconf 70' lang='lat' dir='ltr'><strong>Marathonian,</strong></span> <span class='ocrx_word' id='word_1_461' title='bbox 1183 3899 1254 3972; x_wconf 90' lang='lat' dir='ltr'><strong>qucd</strong></span> 
     </span>
     <span class='ocr_line' id='line_1_49' title="bbox 89 3965 674 4020; baseline 0.002 0"><span class='ocrx_word' id='word_1_462' title='bbox 89 3981 91 3985; x_wconf 89' lang='grc'><em>·</em></span> <span class='ocrx_word' id='word_1_463' title='bbox 127 3970 204 4020; x_wconf 63' lang='lat' dir='ltr'><strong>wrm</strong></span> <span class='ocrx_word' id='word_1_464' title='bbox 218 3965 259 4020; x_wconf 89' lang='lat' dir='ltr'><strong>ine</strong></span> <span class='ocrx_word' id='word_1_465' title='bbox 305 3983 350 4020; x_wconf 86' lang='lat' dir='ltr'><strong>ans</strong></span> <span class='ocrx_word' id='word_1_466' title='bbox 363 3971 412 4020; x_wconf 86' lang='lat' dir='ltr'><strong>est.</strong></span> <span class='ocrx_word' id='word_1_467' title='bbox 671 3987 674 3991; x_wconf 92' lang='lat'>·</span> 
     </span>
     <span class='ocr_line' id='line_1_50' title="bbox 194 3981 1099 4108; baseline 0.004 -15"><span class='ocrx_word' id='word_1_468' title='bbox 194 3981 387 4108; x_wconf 37' lang='grc' dir='ltr'><strong>Νικὼ,</strong></span> <span class='ocrx_word' id='word_1_469' title='bbox 405 4036 505 4104; x_wconf 76' lang='lat' dir='ltr'><strong>Golia,</strong></span> <span class='ocrx_word' id='word_1_470' title='bbox 522 4037 643 4093; x_wconf 73' lang='lat' dir='ltr'><strong>vincent.</strong></span> <span class='ocrx_word' id='word_1_471' title='bbox 661 4036 778 4094; x_wconf 69' lang='lat' dir='ltr'><strong>aalma</strong></span> <span class='ocrx_word' id='word_1_472' title='bbox 796 4037 941 4094; x_wconf 64' lang='lat' dir='ltr'><strong>marorum</strong></span> <span class='ocrx_word' id='word_1_473' title='bbox 953 4035 1099 4097; x_wconf 65' lang='lat' dir='ltr'><strong>drumm</strong></span> 
     </span>
    </p>
   </div>
   <div class='ocr_carea' id='block_1_11' title="bbox 0 0 1376 4560">
    <p class='ocr_par' dir='ltr' id='par_1_18' title="bbox 0 0 1376 4560">
     <span class='ocr_line' id='line_1_51' title="bbox 0 0 1376 4560; baseline 0 3"><span class='ocrx_word' id='word_1_474' title='bbox 0 0 1376 4560; x_wconf 95' lang='lat' dir='ltr'><strong> </strong></span> 
     </span>
    </p>
   </div>
  </div>
 </body>
</html>
