2812 4552
160 127 260 248 iau,
428 173 929 261 mrusrru1
1022 137 1109 244 ’.

13 315 16 336 ’
121 393 124 402 ,
179 329 391 394 dProdciscenti
409 290 575 403 Deidamia,
603 328 741 391 Aeacidae
763 331 838 407 regis
858 330 930 406 filia,
949 335 982 390 et
1006 329 1204 410 Tlressaloaice
1223 336 1296 412 pri-

13 256 17 314 Ι

13 623 17 740 l

204 420 303 495 sigua,
321 423 351 477 et
361 419 425 495 ipsa
442 416 515 478 clara
525 415 646 494 Philippi
658 403 746 494 patris
766 417 895 486 nornine,
917 415 1077 493 multaeque
1091 417 1163 477 aliae
1179 421 1293 498 prinei·-

204 509 452 584 pumamatrouae,
481 503 623 585 speciosus
642 502 731 578 magis
751 517 835 578 quarn
856 499 932 560 utilis
949 519 1035 577 grex,
1063 502 1289 565 comitestuere.

89 655 91 665 Ι
179 589 283 648 illaec
303 607 366 646 cum
382 588 511 644 nuntiata
533 587 693 646 Cassandro
712 591 823 659 essent,
845 573 938 644 stalim
953 587 1038 646 citato
1056 606 1138 646 crrrsn
1158 589 1291 665 Pydnam

180 673 281 733 averit
301 677 331 731 et
345 671 442 730 urbem
462 665 607 732 obsidione
632 672 726 747 cingit,
768 671 841 730 Cum
867 673 941 732 fame
964 672 1096 748 serraque
1122 677 1295 749 argueretur

140 781 143 794 ·
206 757 365 836 Olympias,
386 756 488 832 longae
503 757 655 816 obsidionis
676 753 770 818 taedio
789 761 870 834 pasta
889 756 977 814 salute
995 755 1091 816 uictori
1109 777 1145 816 se
1163 758 1292 820 tradidit.

163 836 265 902 -o'sed
286 838 446 902 Cassander
465 843 502 901 ad
520 843 681 904 concionem
697 847 797 900 vocato
815 841 938 919 populo,
968 841 1152 900 sciscitaturos
1172 843 1242 920 quid
1260 843 1294 902 de

209 926 369 1004 Olympiade
380 928 447 1005 pieri
460 927 556 1000 uelint,
570 927 713 985 subornat
734 933 865 1004 parentes
886 927 1107 999 interfectorum,
1125 927 1179 1005 ,qni
1198 935 1294 988 sumta
1341 935 1352 944 ‘

183 1011 318 1086 llugubri
338 1018 417 1072 veste
443 1011 631 1072 crudelitatem
652 1011 773 1070 mulieris
796 1017 965 1070 accusarent
1008 1009 1154 1087 Aquibus
1180 1014 1292 1072 accensi

207 1095 378 1156 Macedones
396 1098 456 1156 siue
471 1103 598 1176 respectu
611 1096 744 1174 pristinae
760 1096 915 1156 maiestatis
929 1095 1109 1166 occidendam
1122 1096 1292 1156 decernunt:

184 1183 383 1242 Simmemores
397 1201 526 1258 prorsus,
548 1183 625 1257 quod
638 1199 689 1260 per
701 1181 786 1240 filium
798 1181 857 1240 eius
870 1181 1014 1258 virmsqne
1027 1200 1084 1238 non
1093 1178 1191 1240 'solum
1204 1183 1291 1242 vitam
1319 1239 1326 1248 ,

208 1266 262 1344 ipsi
273 1266 345 1324 inter
360 1266 489 1326 finitimos
502 1271 590 1324 tutam
605 1266 782 1337 habuissent,
798 1285 892 1324 verum
911 1266 994 1325 etiarn
1012 1270 1108 1324 tantus
1120 1286 1189 1344 opes
1201 1269 1293 1345 impe-

184 1351 333 1426 9riumque
349 1351 423 1408 orbis
439 1352 621 1427 quaesissent.
665 1351 723 1408 Sed
737 1349 882 1429 Olympias
900 1351 947 1408 ubi
967 1351 1121 1408 obstinatos
1136 1351 1232 1410 venire
1252 1353 1291 1410 ad

211 1455 242 1494 se
256 1435 477 1510 armatosvidit,
498 1441 576 1494 veste
593 1434 697 1512 regali,
719 1435 826 1494 duabus
848 1434 952 1495 ancillis
972 1435 1065 1493 innixa
1085 1435 1159 1493 ultro
1180 1437 1293 1496 obviam
1392 1433 1393 1446 ¹

169 1521 345 1598 10procedit.
389 1519 454 1588 Qua
466 1521 523 1577 visa
538 1539 713 1598 percussores
728 1519 839 1578 attoniti
857 1521 969 1578 fortuna
980 1519 1132 1579 maiestatis
1149 1521 1250 1598 prioris
1264 1527 1294 1580 et

210 1609 252 1661 tot
266 1604 295 1662 in
317 1622 350 1662 ea
370 1605 518 1664 memoriae
535 1605 740 1663 occurrentibus
749 1623 850 1680 vregum
865 1623 977 1662 suorum
991 1604 1145 1664 nominibus
1158 1606 1294 1670 substite-

169 1692 288 1750 1lrunt:
311 1689 430 1750 ‹loneaa
442 1687 601 1756 Cassandro
621 1689 792 1763 missisunt,
814 1688 861 1764 qui
875 1708 936 1747 eam
959 1690 1151 1764 confoderent,
1170 1709 1229 1748 non
1246 1709 1294 1749 re-

196 1772 363 1848 ¹fugientem
390 1771 511 1848 gladium
534 1791 586 1832 nec
604 1771 718 1832 vulnera
738 1778 787 1846 aut
809 1771 978 1832 muliebriter
998 1775 1223 1846 vociferantem
1236 1775 1293 1832 sed

211 1856 331 1914 virorum
355 1875 432 1916 more
455 1858 567 1916 sortium
593 1877 645 1936 pro
667 1857 754 1934 gloria
772 1859 871 1917 veteris
890 1860 1040 1936 prosapiae
1057 1857 1135 1943 morti
1163 1878 1295 1917 succuum·

147 1943 150 1952 '
212 1941 341 2015 beatem,
369 1947 400 1999 ut
422 1940 609 2002 Alexandrum
629 1960 725 2020 posses
750 1943 833 2000 etiam
862 1943 893 2001 in
919 1945 1055 2010 moriente
1077 1945 1164 2002 matre
1184 1963 1295 2019 cogno-

95 2067 98 2072 -
171 2030 204 2086 12
213 2033 298 2086 scere.
348 2027 509 2104 Compsisse
536 2027 650 2104 insuper
669 2027 810 2104 exspirans
836 2027 949 2104 capillos
977 2033 1005 2086 et
1023 2033 1102 2087 veste
1121 2047 1202 2086 crura
1223 2045 1293 2086 con-

205 2111 318 2170 texisse
337 2113 439 2184 fertur,
471 2107 597 2188 nequid
623 2118 721 2189 posset
740 2113 770 2170 in
794 2130 910 2188 corpore
930 2114 989 2172 eius
1012 2112 1173 2172 indecorum
1196 2113 1294 2171 sideri.

172 2195 283 2254 aaron
302 2197 370 2256 baec
389 2197 549 2274 stander
566 2197 798 2269 Thessalonicen,
818 2198 894 2271 regis
913 2197 1028 2256 Aridaei
1047 2197 1151 2272 tiliam,
1175 2217 1296 2257 uxorem

263 2301 266 2318 l

171 2321 381 2337 -ιι-ι--ι-ι--φι-

223 2402 257 2463 -§
276 2400 300 2452 a.
337 2373 494 2467 Deidamia]
514 2405 527 2456 1
548 2401 645 2468 Bong.=
665 2401 802 2461 Dedonias
821 2399 915 2467 Prag.=
933 2403 1056 2458 Diacira.
1125 2413 1126 2418 ’

127 2491 130 2498 ·
242 2467 438 2533 llsessolaaice]
457 2470 517 2522 Mes.
536 2469 632 2535 Bong.‚
651 2469 747 2536 Prag.‚
767 2467 854 2522 Vinus
876 2471 1066 2524 lbessalonica.

240 2537 300 2604 56.
330 2535 395 2600 fieri
411 2536 509 2602 velint]
529 2535 662 2594 Vincunt:
679 2538 761 2588 uelint
771 2537 843 2604 fieri.
1206 2589 1211 2596 ,

241 2607 257 2670 ἓ
275 2605 301 2658 9.
337 2604 421 2670 uidit]
449 2607 461 2657 1
481 2605 579 2672 Bong.‚
597 2605 654 2658 coll.
672 2603 703 2656 C.
723 2603 769 2670 0.,
788 2607 862 2660 Bodl.
882 2609 909 2659 et
926 2605 1057 2662 Vincentr
1075 2606 1158 2660 uidet.

239 2680 312 2726 ueste
327 2672 396 2741 reg]
419 2671 435 2726 5
453 2671 575 2742 interpol.
593 2675 708 2726 Gronov.
727 2681 754 2726 et
771 2675 787 2727 2
803 2675 902 2730 Dorus
923 2678 936 2728 i
941 2696 959 2732 n
975 2684 1046 2746 ueste
1061 2695 1103 2740 m,
1133 2677 1167 2729 de
1184 2692 1236 2746 qua
1253 2673 1295 2730 di·

172 2741 247 2795 cendi
265 2741 366 2795 ratione
384 2741 460 2793 <locta
479 2743 595 2795 Gronov.
615 2743 669 2811 egit
688 2761 711 2812 p.
730 2745 789 2799 873.
809 2774 842 2798 -,-
859 2747 986 2814 armatos]
997 2743 1136 2800 ducentos.

241 2815 318 2878 §so
353 2810 510 2877 memoriae]
528 2811 623 2864 Omisit
641 2813 713 2868 Vise.
1150 2835 1155 2849 ι

241 2882 318 2946 919.
356 2881 624 2950 compsisse'insciper
648 2897 717 2949 casp.
735 2881 844 2950 capillos
861 2883 941 2949 cett]
967 2883 1072 2952 Vulgo,
1097 2881 1172 2936 etiam
1195 2881 1223 2934 in
1248 2883 1293 2937 ed.

172 2949 273 3018 Bong.,
297 2948 405 3016 legitera
430 2966 458 3000 eo
480 2967 590 3004 noscere.
625 2951 732 3018 Iamspsr
755 2967 838 3020 exsp,
865 2953 967 3020 capillis
989 2961 1017 3005 et
1039 2961 1110 3006 ueste
1131 2968 1209 3004 mura
1231 2959 1296 3007 cett.

172 3035 236 3088 quas
254 3015 343 3072 sordes
361 3023 433 3070 eruta
450 2965 543 3071 diesim
564 3035 627 3072 vera
643 3019 755 3072 lectione
772 3020 804 3071 ab
822 3017 1082 3074 editoribus-relictas
1100 3039 1153 3074 esse
1169 3020 1227 3074 iure
1245 3021 1295 3074 mi.

172 3087 247 3140 reris.
283 3087 361 3149 Quod
384 3104 430 3139 nos
451 3105 507 3140 cum
533 3087 637 3141 Vorstio
660 3086 804 3156 scripsimus
829 3085 925 3142 disert'e
948 3089 1045 3156 legitur
1060 3090 1094 3148 in
1116 3107 1173 3144 mss.
1197 3087 1295 3160 aliquot

172 3153 271 3224 Bong.,
296 3157 390 3217 Grac,
410 3157 538 3226 Thoan,
556 3157 612 3209 'coll
631 3155 696 3219 Ν.,,
707 3157 788 3210 Dorv-
809 3160 823 3212 1
842 3165 869 3211 et
886 3159 911 3212 2.
949 3159 1063 3228 Capillos
1079 3166 1218 3228 praeterea
1235 3163 1292 3214 resse.¹

172 3221 190 3276 4
208 3223 324 3288 chnav.
343 3225 445 3276 babent.
482 3226 572 3280 Ceteri
589 3227 646 3279 fere
663 3232 802 3294 corrupte:
823 3229 835 3280 l
856 3227 956 3295 Bong.,
974 3225 1048 3280 Laid.
1068 3226 1132 3284 1.4=
1153 3245 1293 3298 compresse

59 3351 61 3356 Ι
172 3319 208 3330 -
221 3291 339 3358 capillis3
367 3290 411 3344 alii
434 3291 552 3360 confisa,
578 3291 701 3362 eoafis'ses
732 3295 830 3352 Gonu:
853 3297 997 3366 conspicere
1021 3297 1227 3366 consumpsisset.
1250 3298 1294 3366 (ut

173 3357 262 3426 Bodl.)
281 3359 333 3411 Ins.
367 3359 441 3412 Vino.
459 3364 576 3415 Bellon:
596 3363 747 3430 Compimeas
762 3382 789 3416 se
806 3363 853 3416 ina.
872 3393 906 3403 -
924 3366 1018 3433 capillo
1037 3365 1081 3433 (ut
1096 3365 1205 3434 Prag).
1221 3365 1295 3418 Unus

51 3448 58 3458 ¹
172 3427 271 3495 Bong.=
295 3425 461 3496 cooperuiise.
501 3431 581 3489 Docti
603 3433 668 3485 haec
692 3431 729 3486 ita
756 3431 923 3486 emendarunt
931 3451 940 3485 ι
961 3433 1090 3486 Sebisiusc
1117 3435 1295 3502 Composuisse

173 3497 222 3551 ias.
239 3512 309 3576 essp.
322 3499 443 3578 capillos.
478 3500 642 3581 Schelierus's
667 3502 831 3569 Coeperuisee
848 3501 867 3557 i.
884 3519 906 3556 e.
924 3503 1027 3570 capillis
1044 3520 1086 3566 os,
1109 3501 1177 3572 quod
1195 3503 1230 3556 ab
1246 3503 1295 3557 hoc

173 3565 230 3618 loco
253 3563 431 3618 altenrssunum
453 3574 506 3632 est,
538 3569 671 3622 Gronovio
696 3577 780 3624 tamen
802 3569 909 3640 placuit.
944 3571 1087 3624 Graevius:
1112 3573 1201 3640 Iasasp.
1225 3590 1294 3640 casp.

170 3633 335 3704 papillas
357 3643 427 3687 ceste
444 3643 470 3688 et
488 3653 524 3690 cr.
544 3647 611 3691 aaut.
631 3642 693 3690 cett
710 3639 820 3706 (Gothm
840 3639 1103 3708 cupidinosam.)
1138 3637 1294 3702 Oudendor-

93 3743 122 3780 ·,
151 3701 230 3776 ¹pius
252 3700 301 3769 (ud
319 3701 417 3755 Ericen.
435 3705 610 3774 Virunum:
640 3696 767 3773 Confessus
782 3709 887 3777 insuper
905 3715 932 3762 et
949 3725 1017 3776 exsp.
1036 3709 1140 3778 capillis
1155 3723 1199 3774 oe,
1224 3717 1295 3762 ueste

174 3787 210 3824 cr.
228 3777 290 3823 cett.
322 3769 370 3822 Sic
387 3773 464 3826 etiam
482 3776 618 3840 Gronau,
635 3775 684 3828 nisi
701 3775 768 3846 quod
786 3783 812 3830 et
859 3779 940 3838 ienae,
965 3777 1050 3831 Unica
1068 3778 1294 3847 eamn-acquod

173 3839 293 3896 Vorsttns
311 3839 437 3910 probante
455 3842 531 3896 etism
549 3845 689 3914 Wopkens.
707 3862 722 3898 e
739 3844 815 3897 codd.
849 3845 912 3898 edit.
946 3847 988 3900 De
1006 3863 1035 3900 re
1050 3863 1077 3898 r.
1095 3847 1220 3900 Beraecc.

241 3913 258 3975 s
277 3907 323 3964 1³:
352 3909 425 3977 regia
441 3913 564 3978 Acidaci]
590 3914 654 3982 ino·
666 3912 780 3983 Philippi
797 3914 940 3980 Amyntae,
964 3921 996 3968 ut
1010 3915 1068 3986 ipsc
1084 3913 1197 3975 lustinus
1218 3931 1296 3984 sopra

173 3976 445 4062 §dsignilieauerat
479 4016 498 4041 „
507 3979 605 4034 lustina
629 3980 752 4050 imposuit
773 3983 843 4051 qood
867 3983 974 4054 Trogus
999 3984 1069 4036 forte
1090 3985 1163 4054 regis
1179 3983 1298 4052 suum

167 4047 212 4112 fil.
229 4051 380 4118 scnpscrats
403 4054 430 4100 et
447 4045 572 4100 Aridaeus
589 4051 726 4118 Philippus
743 4054 801 4132 post
824 4056 931 4110 mortem
946 4051 1087 4108 Alexandri
1103 4051 1298 4120 cognominatus
