2732 4560
57 115 209 180 ..aas
373 75 922 206 .·1u‘'sr1ra1

185 267 221 326 ab
233 261 380 324 Ariarathe
391 262 470 339 rem‘o
483 279 560 320 more
577 259 678 334 misso,
699 259 830 323 curiosius
845 261 930 320 imum
947 263 1070 320 venhem
1084 265 1274 340 pertractanti

115 401 122 412 .
143 359 178 411 10
186 351 239 410 ait:
261 353 380 422 suomet,
401 367 432 404 ae
445 345 521 404 aliud
538 343 619 403 telum
633 346 762 403 irroeairet
780 363 859 424 qaam
874 351 1017 424 quaereret.
1044 342 1140 422 Atque
1157 347 1198 406 ita
1211 347 1272 406 rhu

144 495 150 504 ,
184 433 316 514 protectis
333 431 438 490 insidiis
458 435 616 491 revocatum
635 430 671 488 ab
691 429 784 488 amicis
806 429 882 490 velot
900 423 937 488 ad
954 435 1093 490 secretum
1111 449 1270 492 sermonem

184 519 357 595 inspectante
382 523 500 592 utroque
525 515 646 574 exercitu
668 515 813 574 interficit:
845 534 963 592 regnum
984 513 1185 593 Cappadociae
1204 523 1269 578 octo

182 621 317 662 annorum
329 601 385 660 filio
395 601 523 682 imposito
537 597 691 658 Ariarathis
703 600 815 684 nomine
830 600 982 680 additoque
996 599 1024 659 ei
1036 605 1147 660 rectore
1159 599 1268 684 Gordia

181 685 305 746 tradidit
925 685 929 694 '

158 781 173 833 1
266 770 301 834 11.
322 769 381 831 Sed
402 767 586 848 Cappadoces
601 767 762 828 crudelitate
778 787 811 828 ac
831 767 945 828 libidine
958 769 1165 847 praefectorum
1176 771 1269 832 vexati

181 873 199 914 a
216 855 380 916 Mithridate
394 853 540 926 deficiuut;
561 853 729 930 fratremque
752 853 840 932 rogis,
861 859 890 914 et
910 855 1000 934 ipsum
1018 851 1195 915 Ariarathem
1216 875 1267 914 no-

155 941 271 1014 amine,
287 941 323 998 ab
340 939 428 1012 Asia,
456 937 502 996 ubi
526 937 718 1011 educabatur,
750 944 896 1000 revocant:
925 958 987 1002 cum
1009 957 1065 1016 quo
1086 937 1265 999 Mithridates

180 1025 314 1104 proelium
332 1028 447 1083 renovat
461 1024 616 1098 victumque
629 1021 825 1102 Cappadociae
839 1042 927 1100 regno
938 1023 1057 1102 expellit.
1100 1021 1165 1084 Nec
1178 1015 1264 1084 multo

154 1114 172 1168 8
180 1117 245 1190 post
261 1109 421 1170 adolescens
434 1126 467 1165 ex
482 1105 654 1182 aegritudine
665 1106 777 1166 collecta
787 1107 947 1168 infirmitate
960 1109 1079 1168 decedit.
1102 1106 1261 1180 Posthuiae

179 1200 296 1253 mortem
310 1191 477 1254 Nicomedes
496 1191 613 1265 timens,
635 1209 671 1252 ae
687 1189 863 1251 Mithridates
883 1192 1041 1254 accessione
1064 1191 1263 1272 Cappadociae

179 1280 262 1340 etiam
276 1277 434 1356 Bithyniam
443 1276 584 1336 finitimam
599 1277 757 1352 invaderet,
782 1279 915 1336 subornat
929 1297 1047 1355 puerum
1064 1274 1182 1338 eximiam
1199 1277 1263 1358 pul-

178 1363 356 1437 chritudinis,
378 1362 458 1442 quasi
469 1359 626 1420 Ariarathes
641 1367 717 1436 tres,
739 1379 794 1420 non
816 1363 887 1421 dnos
909 1363 980 1421 tilios
998 1363 1158 1439 genuisset,
1180 1363 1259 1442 quia

121 1441 123 1450 ⁴
152 1447 275 1508 tamaro
290 1447 418 1508 Romano
437 1454 581 1526 paternum
596 1465 711 1522 regnum
729 1451 844 1526 peteret.
889 1445 1012 1506 Uxorem
1030 1467 1143 1526 qnoque
1154 1445 1261 1506 Laudi-

157 1540 228 1592 'cen
240 1531 359 1590 Romam
377 1533 461 1592 mittit
479 1531 516 1588 ad
536 1532 723 1590 testimonium
749 1531 831 1590 trium
853 1551 887 1591 ex
904 1529 1049 1592 Ariarathe
1066 1539 1259 1610 susceptorum

120 1629 123 1636 ·
151 1615 303 1674 5tilicrum.
347 1617 432 1684 Quod
447 1613 494 1672 ubi
512 1611 686 1674 Mithridates
706 1615 850 1690 cognovit,
880 1617 987 1694 etipse
1007 1617 1070 1694 pari
1085 1617 1259 1696 impudentia

178 1699 314 1758 Gordium
332 1699 452 1760 Romam
470 1698 569 1769 mittit,
591 1698 639 1775 qui
656 1699 764 1786 senatui
781 1701 923 1762 adsereret
939 1719 1069 1778 pueram,
1091 1705 1139 1760 cci
1151 1699 1256 1780 Cappa-

175 1784 268 1844 dociae
284 1803 393 1858 regaam
417 1782 582 1856 tradiderat,
600 1802 633 1842 err
650 1801 679 1841 eo
690 1783 835 1842 Ariarathe
847 1790 981 1862 genitam,
999 1789 1047 1864 qai
1064 1785 1131 1856 bello
1151 1787 1256 1846 Aristo·

55 1913 58 1920 .
151 1873 232 1928 deici
252 1865 362 1930 auxilia
382 1867 513 1928 Bucconis
529 1865 622 1945 ferens
644 1867 785 1928 recidisset.
829 1869 887 1930 Sed
909 1878 1020 1934 senatus
1042 1871 1135 1930 studio
1157 1891 1255 1948 regum

175 1953 338 2029 intellecto,
361 1953 453 2016 aliena
468 1971 556 2030 regna
575 1953 650 2012 falsis
670 1954 826 2014 nominibus
844 1955 1027 2030 furantiume
1048 1962 1079 2017 et
1099 1954 1255 2018 Mithridati

162 2039 383 2120 Cappadociam
406 2046 435 2099 et
456 2037 603 2100 Nicomedi
621 2037 658 2096 ad
678 2035 803 2098 solatium
823 2039 881 2098 eius
903 2039 1121 2120 Paphlagoniam
1141 2039 1255 2102 ademit.

149 2121 215 2183 'the
235 2145 272 2185 ne
294 2123 459 2186 contumelia
479 2132 576 2201 regum
595 2123 668 2182 toret
685 2124 825 2182 ademtam
851 2124 918 2200 illis,
946 2127 1024 2202 quod
1047 2126 1164 2186 daretur
1184 2125 1255 2200 aliis,

149 2213 290 2288 talesque
301 2209 420 2290 populus
432 2209 561 2270 libertate
577 2203 761 2269 contueor.
788 2206 847 2268 Sed
860 2207 1043 2289 Cappadoces
1054 2229 1156 2270 munna
1170 2207 1252 2272 liber-

131 2365 341 2382 ..υ-*-

198 2460 275 2530 regio
294 2460 381 2526 more]
399 2459 433 2512 V.
450 2459 574 2512 Bernacc.
771 2520 776 2526 ι
932 2507 935 2515 ,

198 2530 215 2594 S
236 2532 276 2582 10.
310 2528 473 2596 moratam]
500 2529 545 2579 Sic
561 2532 621 2596 post
638 2526 660 2581 1.
675 2527 721 2580 ar.
739 2527 900 2588 Gronovinar
915 2529 1064 2594 Graevius,
1081 2537 1113 2584 at
1129 2545 1251 2584 neem

129 2597 169 2652 rio
186 2595 369 2650 emendandum
386 2602 453 2650 erat.
488 2595 547 2650 Vid.
560 2597 677 2650 Graec..
700 2596 827 2650 Videraat
851 2599 901 2652 iam
928 2594 1043 2652 editores
1067 2599 1252 2670 antiquissimi.

128 2665 211 2738 Bong.
230 2674 258 2718 et
274 2665 351 2718 codd.
367 2664 484 2734 plnrimir
501 2672 651 2727 evocaturos
668 2665 781 2718 nonnulli
797 2665 896 2734 Bong.=
911 2676 1041 2722 uocatam.

196 2736 338 2804 interficit]
355 2735 488 2802 eleganter
504 2741 531 2786 et
547 2749 579 2786 er
598 2747 645 2786 usa
663 2732 761 2788 tustini
797 2735 869 2789 Laid.
888 2738 920 2790 lr
943 2737 1090 2802 interfecit,
1113 2725 1251 2809 ‹1qu2?-

94 2799 99 2810 '
127 2823 172 2860 ror
188 2803 352 2858 Gronoviam
368 2819 415 2856 aaa
433 2821 483 2856 noo
499 2804 637 2856 decorasse
654 2801 749 2871 elogio.
766 2827 801 2846 ··-
822 2807 841 2862 8
858 2803 957 2858 eiusde
969 2803 1145 2868 aspamam
1168 2793 1250 2849 adem

119 2877 200 2930 teres
218 2873 305 2930 tradit
313 2911 326 2936 ‚-
340 2879 369 2926 ut
386 2873 479 2935 Grac,
497 2873 575 2939 Prag.
592 2899 629 2910 -
645 2873 709 2926 Mas.
727 2873 825 2938 Bone:
843 2874 937 2940 pocta.
1205 2885 1210 2894 ·

125 2991 128 2998 .
195 2943 227 2996 C.
247 2943 282 2995 ll.
317 2942 392 2995 Haec
409 2955 513 3010 quoque
529 2942 563 2992 ab
580 2938 638 2991 aliis
661 2955 712 2992 non
730 2948 874 2992 narrentur.
907 2935 949 2984 De
965 2929 1096 2997 tapetium
1111 2923 1253 2994 animae

126 3012 198 3083 regis
215 3011 277 3068 Tib.
295 3010 412 3064 Gracchi
432 3009 528 3078 dictam
550 3023 594 3077 ap.
612 3006 726 3060 Gallam
744 3007 797 3066 itt,
815 3005 858 3058 1u
892 2999 937 3054 Οἱ.
954 2995 1139 3082 Woltersdorl.
1156 3007 1251 3048 m

147 3085 206 3138 .36
222 3097 262 3135 e.
750 3115 752 3122 .
1036 3111 1038 3116 .

126 3099 145 3152 p
194 3099 255 3217 §til
290 3149 435 3204 carcedone
453 3145 547 3216 capp]
573 3141 713 3196 Heinsiuer
731 3138 914 3202 muca,
937 3135 956 3188 i.
972 3151 1014 3200 a,
1030 3139 1062 3188 at
1078 3132 1100 3188 l.
1112 3130 1161 3200 Fr.
1176 3127 1253 3184 Gro-

125 3235 185 3272 nov.
203 3217 368 3283 coniecerat,
385 3219 456 3270 oelut
472 3215 663 3268 manaem..
1189 3265 1196 3282 .

105 3289 215 3410 *mg
224 3286 254 3344 4·
281 3287 419 3356 fitiorum]
449 3285 531 3339 Abest
553 3299 570 3336 a
592 3285 652 3335 mse.
669 3279 814 3346 Baccara,
830 3273 896 3330 coll.
913 3273 946 3329 C.
963 3272 997 3328 ὓ.
1017 3297 1057 3316 -n
1080 3269 1252 3322 Grononner

131 3481 134 3486 .
194 3371 269 3488 §og-⁸·
289 3417 437 3491 meret]
461 3421 506 3473 Sia
524 3419 641 3486 lionae
664 3412 812 3467 melioribus
834 3410 888 3464 saie
911 3415 939 3463 et
955 3406 1015 3462 edd.
1032 3413 1114 3492 retra
1137 3403 1178 3488 ‘da
1194 3419 1254 3488 qnp

126 3491 220 3546 dubius
236 3490 321 3544 adhuc
337 3493 464 3546 haerebat
480 3487 641 3558 Wopkens,
664 3481 713 3536 sed
729 3482 805 3552 plene
822 3477 967 3536 vindicavit
982 3475 1121 3560 Dreergius
1136 3491 1165 3528 ra
1181 3474 1254 3558 Ilipa:

125 3563 195 3615 stota
209 3575 236 3628 p.
252 3558 302 3612 701
371 3599 378 3613 .
395 3560 423 3612 in
440 3557 482 3614 ed.
500 3555 632 3610 Fischerie
655 3568 723 3622 quae
746 3549 813 3603 adde
829 3566 913 3602 norae
929 3547 971 3599 ed.
989 3545 1080 3598 lacerer
1097 3542 1255 3598 Foroellaau

124 3646 145 3683 e.
163 3643 233 3698 vop.
251 3627 312 3681 256.
371 3629 431 3698 algo
446 3625 546 3696 legitur
563 3641 596 3676 ex
614 3622 713 3691 aliquot
730 3619 834 3688 aare..
850 3621 868 3673 7
885 3619 985 3679 (iram,
1002 3613 1119 3668 anniam
1136 3609 1253 3680 Wopk„

125 3697 223 3784 θηρ,
239 3695 337 3754 aaut
354 3698 507 3759 adame
534 3690 582 3748 eed
603 3693 678 3746 huuc
694 3688 840 3760 praesentia
861 3684 1050 3740 matanatiran
1065 3679 1170 3750 respuit
1185 3695 1254 3734 osne

124 3767 255 3905 muzus,
290 3833 328 3888 ad
344 3831 466 3886 solatiam
482 3832 525 3899 ei]
549 3828 595 3881 ate
619 3825 746 3895 Bongers.
763 3825 820 3878 sine
832 3841 861 3876 r.
878 3823 913 3886 l..
938 3819 1014 3874 mma
1032 3814 1110 3872 codd.
1135 3821 1165 3871 et
1187 3815 1255 3873 add·

125 3921 228 3990 cquae,
250 3903 335 3958 danea
351 3901 471 3984 Gronov.
489 3917 505 3952 e
522 3901 539 3954 7
556 3896 611 3951 eata
635 3896 677 3979 (et
694 3895 800 3977 Geth).
815 3894 852 3948 ad
868 3891 973 3946 solatia
982 3889 1016 3942 ei.
1033 3886 1150 4012 augg,
1177 3885 1252 3956 quoa

123 3973 184 4032 hare
200 3973 258 4029 loco
272 3989 326 4029 uon
342 3976 408 4025 satra
425 3971 513 4038 marm
530 3973 587 4030 est,
609 3973 697 4034 aptius
712 3961 740 4018 ln
756 3963 815 4017 ehu
832 3959 901 4032 apud
918 3957 1025 4014 eundern
1041 3972 1069 4025 p.
1138 3993 1147 4010 .
1233 3989 1242 3998 -
