2744 4560
722 3 736 35 Χ

369 221 560 285 menon.
581 217 669 286 crs.
689 223 712 287 r
734 224 829 288 css.
851 231 880 295 3.
903 229 933 296 4.
1072 161 1081 178 ο
1145 273 1164 290 .·
1191 201 1241 298 ¹o¹
1278 297 1283 304 .

79 381 195 444 admitti
207 395 313 464 magns
327 375 479 437 ambitione
490 396 577 454 segre
590 379 771 453 obtinuisset,
797 382 902 443 invenit
920 403 983 444 enm
1003 386 1078 446 inter
1098 406 1173 446 scor·

79 475 176 527 tornm
190 483 293 540 greges
306 481 458 541 purpuram
481 462 542 521 colo
558 469 671 523 nentem
686 471 716 525 et
731 465 857 526 muliebri
869 467 982 543 imbitu,
1011 491 1072 530 cum
1084 472 1174 532 molli-

78 553 123 611 tie
139 549 267 627 eorporis
279 553 309 607 et
322 547 464 606 oculormn
478 545 591 608 lascivio
604 567 700 608 omnes
713 551 829 610 semines
846 554 980 624 anteiret,
999 575 1086 633 penso
1100 559 1173 617 inter

78 635 211 711 virgines
231 627 407 712 partientem.
457 632 564 700 Quibus
588 635 654 691 visis
672 633 832 711 indignatus
852 636 902 695 teli
925 639 1043 699 feminee
1064 643 1198 702 meone

80 719 209 778 virorum
230 719 381 777 subiectum
402 717 587 793 troctentiqne
608 717 700 776 lenem
719 721 821 780 ferrum
840 727 959 780 eterme
976 722 1109 784 hebentes
1121 745 1173 804 ps·
1248 721 1254 736 ‘

82 823 163 877 rere,
181 797 356 881 'progressus
377 803 415 874 ed
432 802 522 862 socios
542 802 609 878 quid
628 803 729 862 viderit
745 807 849 863 refert:
886 812 973 881 neget
996 829 1024 865 se
1041 811 1174 886 opacos

26 929 31 936 -
77 907 174 968 posse,
198 891 248 965 qui
258 907 286 946 se
294 886 426 964 femineam
440 886 516 944 molit
537 906 591 944 esse
607 905 686 964 quern
706 890 802 946 rtrum.
843 889 893 948 Fit
903 891 989 968 igitur
1007 893 1199 967 coniuratimt

81 972 187 1034 bellum
200 969 396 1049 Sardanapelo
411 972 535 1029 infertur.
578 969 642 1038 Quo
655 971 700 1031 ille
713 973 807 1030 andito
821 991 878 1032 non
891 977 976 1034 utvir
992 995 1023 1034 re
1064 997 1109 1038 nm
1122 981 1174 1040 de·
1285 1039 1288 1048 ,

81 1061 229 1131 sensurus,
250 1057 319 1129 sed,
338 1061 371 1114 nt
390 1060 467 1114 metu
486 1057 583 1114 mortis
602 1045 728 1116 mulieres
747 1056 852 1131 solent,
872 1059 963 1136 primo'
981 997 1102 1120 lotffirrs
1120 1065 1173 1122 cir·

82 1143 246 1222 cumspicit,
267 1159 333 1200 mex
346 1141 448 1200 deinde
461 1159 523 1218 cum
534 1141 629 1217 paucis
643 1147 672 1200 et
691 1142 881 1218 incompositis
893 1144 922 1201 in
941 1143 1041 1204 bellurn
1055 1165 1173 1224 progre-
1188 1197 1192 1205 .
1275 1163 1286 1176 ·

83 1229 168 1287 ditur.
211 1226 306 1284 Victus
320 1225 350 1282 in
362 1226 469 1300 regiam
481 1245 512 1287 se
522 1225 641 1302 recepit3
662 1227 710 1284 nbi
727 1232 866 1286 exstructo
878 1227 1045 1306 incensaque
1058 1251 1129 1308 pyra
1143 1237 1197 1292 et5

85 1333 117 1372 se
130 1317 161 1371 et
175 1310 285 1369 diritius
297 1327 360 1368 sues
373 1311 404 1368 in
419 1310 576 1382 incendium
586 1309 686 1368 mittit:
706 1310 759 1370 hoc
772 1310 832 1370 solo
844 1313 965 1371 imitatus
981 1315 1076 1389 vinnm
1103 1316 1198 1377 Porto
1279 1379 1282 1386 ,

69 1396 162 1454 bunc
172 1414 222 1454 res
233 1395 406 1454 constituitur
416 1395 578 1454 interfector
590 1394 648 1451 eius
661 1393 813 1468 Arbectus‚
841 1397 889 1470 qni
903 1397 1059 1472 preelectus
1073 1397 1174 1458 Medo-

89 1499 152 1540 rum
166 1480 265 1539 fnernt.
307 1478 334 1536 ls
353 1479 500 1556 imperium
515 1479 551 1536 eb
564 1476 681 1552 Assyriis
694 1479 734 1535 od·
742 1478 844 1538 Medos
858 1481 999 1539 neustert.
1041 1485 1045 1491 '

171 1563 221 1624 IV.
243 1563 312 1646 Post
321 1563 421 1622 multos
440 1563 542 1623 deinde
561 1581 642 1638 reges
657 1581 709 1639 per
721 1563 845 1622 ordinem
864 1565 1041 1628 successionis
1054 1574 1195 1643 regnunt

86 1649 124 1708 ed
134 1646 281 1725 Astyagen
292 1649 444 1708 descendit.
487 1647 542 1706 Hic
554 1663 607 1726 per
626 1665 753 1708 somnum
765 1648 835 1708 vidit
854 1667 887 1708 es
898 1650 1067 1712 netnrnlibus
1087 1651 1196 1728 ilicet

85 1775 296 1798 ...-,,..-..

86 1849 163 1904 Oros.
179 1854 206 1904 et
218 1851 355 1920 chronogr.
371 1849 503 1921 pleriqnes
520 1851 642 1917 Aristus,
656 1849 699 1905 olii
712 1853 848 1908 Arbustus.
873 1851 959 1923 Vulgo
971 1867 1004 1906 ex
1018 1849 1197 1906 emendadum

86 1920 217 1985 Arboces,
233 1923 263 1972 nt
275 1921 355 1974 ceteri
370 1921 517 1989 scriptores.
902 1932 903 1943 ¹

153 1989 317 2058 purpuram]
341 1989 466 2042 Permulti
478 1989 562 2053 codd,
579 1987 656 2044 etiem
671 1989 768 2044 Gotbr
791 2001 938 2060 purpuras,
962 1991 1074 2044 fortem
1089 1987 1161 2042 v'ere.

156 2061 173 2124 ς
189 2059 221 2112 ’3.
239 2057 379 2138 babentes]
409 2057 455 2110 Sic
474 2075 558 2123 omnes
573 2059 634 2110 lllss.
656 2060 749 2128 Bong,
774 2059 888 2122 Oxonn,
907 2060 997 2126 Prsg,
1022 2058 1109 2121 Creo,
1128 2055 1212 2111 Gotlr.
1265 2075 1271 2082 ·

86 2127 122 2180 sl.
136 2132 165 2179 et
177 2125 237 2177 edd.
254 2141 309 2178 cunr
321 2126 446 2179 Ssnsber.
457 2124 483 2178 in
496 2125 630 2190 Policret,
646 2127 715 2195 quod
727 2126 772 2196 qni
786 2125 870 2178 debile
885 2135 913 2178 et
925 2123 1078 2192 languidum
1091 2141 1146 2176 esse
1161 2139 1212 2191 pu·

87 2198 166 2257 tant,
184 2191 324 2245 tollunturs
345 2195 451 2258 bobert,
475 2200 506 2248 ut
519 2194 559 2247 nti
573 2213 603 2247 eo
617 2195 729 2262 possint,
747 2193 951 2262 quendocunqrie
966 2194 1060 2260 placet.
1095 2193 1211 2244 Gronov.

90 2263 127 2316 de
140 2260 194 2313 suis
209 2259 273 2313 nilril
285 2261 376 2325 refert,
393 2263 437 2316 sed
448 2263 565 2333 sequitur
578 2263 648 2331 qnod
664 2260 821 2330 Bongnrsius
836 2277 869 2313 ex
883 2277 932 2314 nno
946 2260 1038 2313 Cuiac.
1051 2257 1212 2324 restitueret,

87 2331 131 2384 cni
146 2329 251 2382 accedit
262 2329 369 2382 Dorrill.
382 2332 414 2384 δι
430 2340 584 2400 portantem
602 2330 680 2383 mele:
703 2347 760 2383 nem
778 2323 853 2383 nimo
859 2338 971 2412 portare
985 2335 1024 2382 est
1039 2328 1080 2382 vel
1094 2346 1213 2399 compor-

9 2423 10 2426 ’
87 2407 146 2454 tere
166 2416 240 2452 erma
257 2398 300 2451 rel
316 2399 386 2452 terre
419 2417 476 2453 osse
498 2417 583 2462 orme,
600 2399 738 2469 praetereo
761 2399 841 2462 nilril;
858 2406 898 2454 rte
914 2404 998 2452 temen
1012 2397 1138 2467 plurimae
1151 2396 1211 2452 edd.
1272 2406 1275 2416 '

85 2469 187 2522 Pebsrs
211 2473 365 2524 boemos.
429 2477 485 2522 este
498 2468 641 2536 Bongersio
658 2474 723 2521 rett.
746 2483 831 2527 omnes
851 2474 954 2538 prester
976 2467 1088 2532 cuiun„
1104 2464 1212 2522 uetus

87 2543 115 2591 et
127 2535 258 2590 Sorisbnr.
272 2537 429 2607 indignatus
440 2539 617 2604 tntifeminue
634 2545 738 2590 tontum
757 2539 871 2590 uirorum
893 2538 1032 2590 subiectum
1051 2544 1211 2590 onotootcs-
1278 2542 1280 2550 ’

86 2609 246 2676 pressorum
261 2613 288 2658 et
301 2624 376 2660 ormo
389 2602 511 2659 babentes
523 2623 636 2674 parerer
653 2606 746 2676 (etism
759 2605 834 2662 Leid.
849 2608 867 2662 3
882 2609 973 2660 lunum
985 2605 1082 2676 omitt.)
1103 2605 1150 2658 sed
1161 2621 1212 2656 nn·

87 2691 186 2728 merom
199 2674 319 2727 orstionis
333 2690 384 2727 non
400 2675 439 2728 its
453 2675 532 2728 leedit
543 2675 661 2728 lustinus.

157 2746 174 2810 §
187 2743 213 2798 5.
230 2761 272 2796 rec
309 2743 344 2812 Ἰ]
362 2741 408 2795 Sic
420 2743 483 2796 Mes.
495 2745 590 2812 Bong,
613 2744 710 2808 Perin,
729 2744 821 2808 Goth,
837 2743 898 2799 edd.
916 2745 999 2806 Rom,
1014 2741 1079 2794 Ven.
1091 2754 1147 2793 cnm
1160 2740 1210 2792 Sa-

86 2810 181 2884 risban
193 2811 240 2876 Vl,
257 2761 314 2874 iz·
333 2829 381 2864 nec
395 2813 526 2878 offendet,
560 2815 582 2866 si
596 2829 652 2866 rem
664 2815 823 2884 perpendes3
854 2814 889 2866 ci.
904 2813 974 2866 Gort.
987 2809 1021 2863 sd
1035 2809 1139 2865 Sallust.
1154 2808 1211 2878 lug.

88 2884 132 2945 12,
148 2881 167 2934 4
181 2881 214 2933 nl.
248 2879 318 2933 Edd.
333 2897 433 2934 omnesr
450 2883 551 2950 recipit.
1228 2941 1231 2946 Α

158 2952 219 3015 §b
249 2950 420 3017 interfector]
450 2951 582 3004 rhetorice
610 2951 783 3022 superlatione
806 2949 918 3014 dictomr
949 2947 1074 3002 simillime
1093 2945 1211 2998 Valerios

16 2999 21 3006 ¹
87 3017 331 3081 Mss.lx,8,1=
367 3019 483 3088 „ltaque
502 3022 597 3092 erigus
617 3029 744 3074 momento
763 3021 892 3072 morimur
909 3020 950 3072 roi
970 3033 1044 3073 cam
1063 3015 1211 3079 ttocmnoit,
1293 3016 1298 3024 ’
1353 3059 1355 3066 -

89 3093 181 3136 utrum
197 3087 401 3152 interfector
418 3107 453 3140 nn
463 3091 581 3156 captiuus
587 3090 674 3158 Scipio
682 3091 809 3156 Syphacis
814 3091 894 3154 fieret
901 3091 936 3146 “,·
953 3086 992 3152 sic
1004 3083 1070 3132 enirn
1080 3079 1115 3132 ibi
1126 3081 1210 3148 codd,
1288 3091 1292 3096 '

89 3151 170 3206 etism
186 3149 564 3222 Gotbennsno'odnn'rcollstns,
600 3163 687 3209 rseter
698 3159 761 3207 duos
775 3154 880 3220 Pigtrli,
899 3149 1072 3219 splendidiore
1084 3150 1213 3204 sordentis
1264 3197 1268 3206 .

88 3237 175 3292 neqrm
186 3221 359 3289 minnssectu,
376 3243 452 3294 quom
464 3241 533 3295 quoe
545 3244 560 3275 e
604 3225 703 3276 ronovii
716 3222 863 3273 coniectum
877 3219 904 3271 in
919 3217 1021 3287 optimis
1033 3218 1092 3272 edd.
1104 3225 1212 3290 recepte
1278 3277 1281 3286 ,

87 3289 188 3358 prodit.
221 3290 252 3342 ln
272 3301 358 3346 nostro
379 3294 437 3348 loco
452 3295 570 3347 Gronov.
592 3292 619 3342 in
639 3291 681 3342 ed.
702 3290 785 3342 elters
805 3305 837 3341 ex
857 3289 900 3342 etl.
914 3291 988 3342 Rom.
1004 3292 1032 3340 et
1052 3305 1132 3358 murg.
1153 3289 1210 3341 cod.
1265 3287 1271 3294 '
1294 3351 1297 3360 Ἰ

86 3359 150 3412 Vnt.
166 3359 282 3429 recepitr
299 3361 392 3417 uictor.
409 3363 543 3432 Wopkens
559 3359 641 3413 coni:
655 3353 816 3428 proesentis,
835 3357 926 3412 deletis
937 3375 1026 3429 seqq.s
1076 3360 1127 3428 ip.
1137 3360 1211 3425 tuf.

158 3429 195 3481 nd
208 3429 316 3499 Medos]
334 3431 445 3484 Secutus
459 3438 499 3484 est
514 3427 646 3491 Cteslem,
670 3429 762 3482 omissa
775 3427 876 3498 quidem
890 3426 1019 3483 mentione
1037 3375 1075 3479 pp
1084 3427 1178 3480 Belesi.

157 3498 190 3550 G.
203 3496 281 3564 ΝΒ
300 3503 325 3555 1.
353 3501 417 3553 Post
430 3498 631 3552 multosdeirrde
644 3499 735 3568 reges]
762 3515 922 3552 successores
934 3495 1058 3549 Arbsciss
1078 3497 1210 3549 Mondou·

87 3582 150 3629 serr,
167 3566 331 3632 Summum,
354 3571 488 3637 Artycurt,
512 3568 644 3630 Abiaosn,
662 3570 804 3633 Asturum,
821 3568 953 3634 Astyres,
970 3565 1118 3618 Astiborers.
1142 3564 1212 3630 (vid.
1310 3566 1316 3575 “

83 3635 182 3688 Bselrr.
194 3653 220 3704 p.
235 3631 288 3688 440
300 3653 346 3706 seq
366 3637 389 3704 .)
414 3637 519 3690 Ctesine
533 3632 557 3688 'A
565 3631 705 3689 orsitus
727 3638 887 3690 Graecorum
899 3636 1037 3704 Astyagen
1048 3651 1103 3686 esse
1125 3631 1211 3684 credi·

82 3719 137 3756 mns
149 3702 281 3769 Diodoro,
299 3654 386 3774 qniln
402 3705 451 3758 lrso
465 3722 495 3758 re
509 3720 598 3758 errare
617 3721 668 3756 non
688 3705 788 3772 potuit,
807 3722 864 3758 cnm
884 3709 967 3756 totum
985 3718 1051 3770 opus
1062 3700 1166 3754 Ctesias
1183 3701 1212 3752 in

81 3771 199 3826 menibus
212 3773 338 3837 heberet3
361 3771 471 3828 Photios
484 3773 586 3842 quidem
605 3768 635 3826 tr
647 3778 707 3836 τοῖς
726 3775 873 3840 Περσικοῖς
889 3769 1070 3837 ’Ᾱστυϊγᾶν
1087 3785 1144 3820 enm
1156 3786 1211 3850 'vo-

14 3907 15 3910 Ἴ
86 3846 173 3895 cutum
190 3846 320 3894 testeturs
338 3843 407 3895 unde
421 3851 532 3912 appetet
551 3841 605 3896 sive
622 3841 724 3895 codices
738 3841 842 3896 Ctesine
856 3843 906 3894 inm
924 3847 979 3892 turn
997 3838 1212 3891 soorrsctorrbns

80 3915 219 3979 corruptos
234 3910 325 3974 inisse,
343 3909 400 3962 sive
413 3910 562 3964 historicum
575 3910 602 3962 in
616 3911 726 3963 Persicis
741 3909 791 3963 olio
807 3912 861 3965 eins
877 3909 947 3977 regis
961 3905 1061 3960 nomine
1070 3919 1141 3958 nsum
1157 3922 1212 3958 esse

80 3983 161 4048 etque
175 3977 203 4032 in
217 3980 384 4047 Asopo-iocis,-
400 3995 459 4032 num
473 3979 588 4034 adolatio
603 3979 771 4034 Asiaticorum
785 3996 875 4048 regum
887 3978 989 4030 nomina
1002 3972 1102 4041 seepios
1114 3979 1213 4026 mutare

80 4047 202 4111 solebat,
226 4053 255 4100 et
277 4047 322 4117 qui
339 4047 412 4118 prius
428 4050 569 4116 modos,
595 4053 685 4118 postes
696 4049 805 4102 tortasse
817 4051 944 4120 Astpigns
957 4041 1098 4097 nominetur
1110 4047 1159 4096 est.
1178 4065 1211 4079 -·

81 4113 318 4188 &remunetione
331 4115 386 4170 ism
396 4115 487 4171 cteris
500 4117 662 4177 Herodotum
674 4117 800 4190 seqnitur.
