2812 4552
139 209 201 278 aaa
323 247 325 254 .
419 167 909 306 -1‚nsr'1nr

139 365 174 420 15
180 357 296 436 Lyciam
313 361 343 416 et
359 355 553 436 l’nrnphyliam
562 353 722 428 Nearchus,
745 344 857 418 Cariam
871 343 1046 428 emanue,
1069 353 1192 434 Lydiam
1207 357 1275 422 hle·

139 443 287 504 tonander
299 444 461 504 sortiuntur.
502 439 632 504 Leonato
654 442 744 518 minor
762 441 885 516 Phrygia
903 441 1159 512 etenim-Thracia
1177 448 1207 504 et
1224 463 1274 522 rer

182 528 281 606 mones
294 525 405 586 Pontici
420 527 503 586 maris
516 523 697 600 Lysimacho,
718 525 900 602 Cappadocia
918 545 979 584 cum
996 522 1272 606 Paphlagonia'En-

143 618 175 672 17
182 613 255 672 meni
276 611 349 670 data.
392 611 522 670 Summus
546 616 697 668 metrorum
720 610 874 672 tribrmatus
886 609 1027 684 Menae,
1055 606 1186 672 Antiochi
1203 613 1275 686 filio,

142 696 276 756 tsseessit.
318 695 505 774 stipatoribus
518 695 592 770 regis
608 692 822 770 satellitibusque
835 694 1010 766 Cassander,
1032 693 1105 752 tilius
1119 694 1280 774 Antipatri,

142 779 349 860 l9praelieitnr.
391 780 424 838 ln
436 780 584 838 Bactriana
596 778 727 836 ulteriore
743 784 773 836 et
785 778 882 854 indiae
896 779 1056 854 regionibus
1069 781 1178 856 priores
1189 799 1277 858 prae·

140 866 251 927 seresii
263 865 373 924 retenti.
416 863 521 924 Terras
535 865 609 922 inter
627 880 722 924 amnes
739 863 905 942 Hydaspem
927 868 957 923 et
974 863 1074 922 ludum
1091 861 1208 924 'sardes
1223 866 1276 924 ha·

149 1009 357 1026 -μ-ι-ιιιι-ι-ιι

85 1089 89 1100 ”
144 1084 284 1148 Alexandri
299 1084 385 1149 duces,
402 1081 452 1140 luo
470 1079 569 1137 servari
587 1098 660 1150 posse
680 1080 750 1152 Gyen
768 1077 898 1148 (literas
913 1098 929 1134 e
946 1081 1123 1154 praecedente
1141 1098 1205 1136 voce
1223 1079 1274 1134 ad·

143 1153 257 1220 haesit),
282 1153 411 1205 Graevius
435 1155 494 1220 post
514 1151 677 1204 Perizoniuru
702 1150 806 1214 docuit3
838 1167 963 1220 usupra
982 1149 1062 1216 adl,
1081 1149 1191 1218 6,§2
1225 1150 1274 1202 Sic

114 1243 120 1251 ¹
145 1221 242 1274 diserte
256 1237 322 1273 unns
340 1223 423 1290 Bong.
441 1223 476 1273 nt
492 1226 564 1274 reete
581 1219 801 1272 animadvertente
817 1219 982 1278 Derneccero
1000 1221 1101 1274 Coenus
1119 1219 1199 1272 etiarn
1213 1225 1276 1272 ante

144 1289 315 1343 Alexandrum
332 1290 450 1354 obierat3
476 1305 502 1343 v.
519 1288 676 1342 Freinshem.
695 1288 729 1340 nd
747 1289 866 1341 Curtium
884 1287 990 1354 ilisa,
1009 1291 1025 1354 S
1042 1291 1086 1344 10.
1120 1288 1276 1357 intelligen-

120 1405 126 1412 .
145 1358 192 1411 dua
209 1359 291 1426 igitur
308 1358 359 1412 erit
376 1359 439 1412 nlius
458 1356 549 1427 aliquis
569 1360 648 1410 Coens'
672 1356 716 1409 vel
730 1359 800 1426 'Cyni
819 1358 938 1420 nominer
969 1364 1135 1410 namcertae
1155 1356 1279 1412 emenda-

55 1461 62 1472 ·
145 1427 222 1482 tionis
239 1433 318 1481 notae
334 1425 379 1480 hic
394 1441 522 1549 appprsre
539 1443 625 1480 omnes
641 1424 772 1479 ridentur.
798 1425 897 1479 Eadem
913 1426 970 1479 lere
987 1427 1054 1496 bene
1071 1426 1195 1497 exposuit
1208 1425 1276 1494 Dra-

146 1498 287 1550 kenborch.
305 1496 338 1561 ad
356 1495 413 1549 Liv.
459 1496 527 1560 htv,
544 1496 578 1550 ³5
588 1532 596 1558 ,
614 1498 636 1564 s
650 1499 692 1551 10.

216 1581 290 1650 515,
326 1581 435 1650 bpciam
453 1587 479 1634 et
498 1581 675 1647 Pamphylium
695 1571 840 1648 Nearchus]
861 1579 896 1632 nt
912 1575 1128 1650 hae'provinciae
1147 1597 1205 1634 cum
1223 1569 1278 1634 rne-

148 1651 203 1704 iore
222 1647 338 1716 Phrygia
355 1648 484 1716 Antigono
502 1647 616 1700 traditae
633 1652 707 1706 erant
725 1655 752 1700 et
764 1645 881 1700 Nearchi
898 1647 926 1699 ln
944 1647 1067 1712 divisione
1083 1648 1278 1718 provinciarum

148 1737 166 1774 a
183 1717 283 1770 nemine
301 1717 395 1768 mentio
412 1718 452 1770 lit.
487 1715 609 1768 Correxit
625 1716 705 1784 igitur
722 1715 862 1784 Bengars.:
880 1745 915 1756 -
928 1718 1086 1786 adsignetur
1103 1735 1175 1770 oum
1194 1719 1278 1784 ,Dacia

150 1795 176 1842 et
185 1785 286 1854 Pamph
304 1785 358 1848 liar
377 1786 484 1839 Curiam
501 1790 561 1837 cett.
581 1785 646 1836 cum
658 1783 684 1836 in
697 1785 827 1872 excerptis
841 1785 926 1854 Dexip
946 1786 955 1836 i
969 1786 1058 1852 (Pbot.
1072 1785 1128 1838 cod.
1138 1785 1277 1840 LXXXll.

150 1873 176 1928 p.
194 1855 228 1910 64
252 1805 349 1976 llll.)
373 1854 507 1922 legissem:
543 1852 682 1906 Φιλίππου
707 1848 737 1906 dl
763 1872 800 1921 ην
826 1847 895 1922 ἀρχὴ
923 1804 1104 1922 loytccvcl.
1130 1893 1136 1906 .
1162 1892 1168 1906 .
1193 1893 1211 1926 .,
1227 1851 1279 1908 ml

150 1925 322 1995 Nesaeos
351 1939 419 1992 μου
443 1922 642 2002 Καρμανία
650 1961 658 1989 ,
683 1939 716 1974 ne
740 1923 838 1990 periret
860 1939 910 1974 vox
936 1922 1084 1988 Nearchus,
1110 1923 1221 1993 cogitavi
1240 1923 1277 1976 de

151 1995 201 2048 hae
218 1993 412 2047 emendatione:
430 1994 630 2062 -adse‘gnotur
648 2010 714 2044 eum
732 1993 764 2046 1..
783 1999 809 2046 et
824 1989 872 2054 P.,·
892 1992 1025 2046 Nearchus
1045 1993 1137 2045 Germ
1147 1993 1205 2044 cni
1210 2010 1228 2044 α
1235 2011 1274 2058 m,

154 2063 261 2117 Corium
279 2068 340 2116 cett.
377 2062 519 2117 Carmania
541 2067 649 2131 propter
673 2079 727 2130 seq.
745 2061 837 2114 vocab.
861 2059 982 2114 excidere
999 2067 1119 2132 poterat3
1140 2069 1167 2114 et
1186 2061 1294 2114 Neue·-

58 2180 62 2192 ,
153 2134 228 2186 chum
245 2148 292 2202 pro
311 2133 480 2202 Neoptolemo
497 2132 530 2185 ab
547 2129 644 2184 Iustino
662 2131 773 2200 positum
798 2147 854 2184 esse
873 2129 998 2184 credibile
1023 2136 1077 2194 est,
1108 2137 1137 2184 ut
1155 2129 1198 2199 qui
1216 2147 1278 2184 sex-

70 2213 73 2220 ·
154 2207 230 2253 centa
252 2199 317 2252 talia
340 2200 533 2270 permutaverit.
569 2199 623 2255 Sed
647 2199 784 2252 videndum
806 2194 940 2252 ne'error
963 2199 997 2251 sit
1021 2199 1088 2268 apud
1117 2197 1281 2269 Dexippunra

153 2284 212 2320 nam
232 2267 394 2334 Tlepolemo,
412 2285 463 2319 non
480 2269 657 2337 Neoptolemo,
675 2266 837 2318 Carmaniam
855 2266 949 2320 tribuit
960 2267 1103 2333 Diodorus,
1121 2284 1198 2336 quam
1217 2286 1278 2338 pro-

153 2334 264 2388 vinciana
280 2333 348 2386 idem
365 2333 530 2404 Tlepolemus
548 2335 574 2386 in
590 2333 672 2386 altera
690 2333 816 2386 divisione
834 2333 968 2388 retinuisse
992 2336 1079 2401 potius
1101 2337 1179 2404 quain
1203 2353 1278 2391 acee-

174 2403 225 2454 isse
243 2399 362 2466 videtur3
387 2419 412 2454 v.
430 2401 531 2456 Arrian·
549 2419 591 2470 ap.
611 2401 685 2460 i'hot.
710 2420 734 2471 p·
753 2405 797 2457 71.
820 2401 864 2455 lin.
882 2403 917 2458 32
935 2403 1015 2456 Delrlr.
1050 2401 1154 2457 Deinde
1171 2405 1278 2458 lantino-

154 2421 279 2524 Karbarus
295 2470 433 2539 chronogr.
450 2487 476 2540 p.
495 2472 543 2526 73:
564 2471 730 2523 Germaniam
748 2471 826 2538 (sona
846 2473 946 2540 Germ.)
962 2481 1049 2528 antem
1066 2480 1153 2528 tetum
1174 2475 1279 2542 Dipto-

43 2547 60 2566 ·
154 2541 220 2592 temo
238 2539 363 2602 donarit,
379 2537 396 2590 i.
416 2557 438 2591 a.
461 2538 621 2607 Tlepolemo,
643 2545 673 2593 ut.
690 2539 822 2593 Gedrenus
838 2540 897 2592 Vol.
917 2541 936 2593 l.
955 2560 983 2611 p.
1003 2544 1067 2598 155:
1088 2539 1281 2610 Τριπτόλεμος

155 2606 292 2675 Περσίδος
308 2623 355 2676 pro
376 2609 520 2677 [tlepolemo
540 2607 597 2660 coll.
614 2607 661 2659 inl.
680 2611 696 2672 §
713 2609 764 2672 23,
782 2609 827 2663 ubi
845 2617 930 2676 tamen
949 2611 1048 2682 aliquot
1066 2611 1141 2664 codd.
1164 2611 1280 2682 Neopto·

155 2681 243 2732 lentus.
265 2675 369 2744 (conf.
387 2677 420 2732 V.
438 2676 470 2732 L.
488 2675 521 2728 ad
538 2675 574 2740 ll,
593 2679 623 2741 6,
643 2679 659 2740 S
680 2677 736 2746 12.)
772 2678 804 2728 V.
823 2676 898 2731 etiam
923 2671 1081 2734 Freinshem.
1100 2679 1134 2732 ad
1152 2681 1228 2735 Cart..
1244 2679 1283 2745 X,

157 2750 205 2810 10,
224 2750 238 2802 1
263 2751 408 2816 antraque
425 2764 450 2801 v.
473 2771 509 2785 -
527 2745 603 2802 ,Μαι
627 2747 710 2816 Bong.
721 2745 738 2814 ,’
754 2747 772 2804 2
790 2745 921 2802 Gronovs
946 2757 1022 2804 arcus
1047 2749 1117 2820 (pro
1136 2749 1280 2817 March).

76 2868 82 2874 .
156 2815 224 2869 sod.
241 2821 323 2869 vett:
341 2817 482 2870 heurchus.

227 2902 390 2969 Gurscoder]
414 2901 464 2954 imo
486 2900 657 2969 Asander,
675 2895 841 2971 Ἀσααδροςς
871 2920 900 2963 v.
919 2889 977 2974 post
993 2893 1153 2958 Freinshem.
1169 2903 1281 2956 Wesse·

21 2959 27 2967 ’
131 2986 137 2998 ·
158 2969 220 3038 ling.
238 2972 270 3026 ad
288 2970 394 3024 Diodor.
413 2969 518 3032 llVlll,
535 2973 579 3026 39.
596 2989 636 3023 nr.
654 2973 705 3038 393
730 2972 783 3040 ¹sed
802 2973 915 3042 vulgaris
933 2979 972 3028 est
990 2980 1018 3026 et
1040 2974 1090 3026 iam
1114 2973 1282 3030 areteribua

54 3320 58 3374 Ῑ
98 3365 115 3402 3
158 3329 264 3382 menidi.

138 3050 142 3059 ·
160 3042 290 3095 commisse
308 3039 480 3111 permutatim
497 3055 577 3109 quare
594 3039 758 3108 reliquimus3
777 3043 812 3096 ci.
831 3043 947 3096 Gronov.
965 3058 992 3112 p.
1010 3042 1072 3098 866.

206 3129 242 3242 3
261 3127 303 3178 16.
340 3127 423 3210 Grrpp5
441 3144 462 3180 e.
480 3125 625 3210 ¹Paphiam]
643 3124 692 3180 eorl
709 3119 763 3208 ὅσα
779 3126 833 3178 cori
852 3121 967 3210 Πόντον
985 3126 1042 3214 ror}
1057 3123 1198 3192 Εὐξείνου
1218 3125 1283 3214 αόν-

102 3226 107 3238 .
159 3205 214 3257 opu
243 3207 302 3244 στιν
319 3188 365 3244 ἐπὶ
381 3197 464 3247 πολιν
483 3193 598 3248 astato
618 3196 831 3262 Τραπεζουντία,
851 3197 1004 3259 Σινωπεων
1024 3212 1154 3250 exorans».
1179 3201 1283 3253 Arnen.

228 3261 310 3328 dato]
334 3264 413 3325 „sinc
426 3265 516 3332 potius
532 3265 642 3352 dictet}
664 3264 742 3318 Corn.
766 3264 834 3338 Nep.
852 3265 880 3318 iu
903 3263 977 3319 Eum.
994 3283 1018 3319 c.
1034 3268 1063 3320 2.
1099 3263 1199 3321 Gothia
1226 3269 1284 3321 Eu-

28 3453 32 3462 .
133 3425 134 3430 ’
227 3413 304 3476 §17-
338 3417 500 3485 tribunatus]
519 3419 700 3487 praefectura3
717 3439 743 3477 v.
761 3419 899 3474 Bnrmann.
917 3418 1060 3480 adVellei.
1077 3421 1138 3474 Pat.
1156 3419 1202 3487 ll,
1223 3377 1284 3479 lot.

97 3513 100 3518 ·
159 3476 302 3534 Diodorum
321 3480 458 3554 ἱππαρχία
474 3486 532 3538 acie
545 3483 662 3555 ἑταιρῶν
674 3481 746 3546 οὖσα
757 3485 973 3557 ἐπιφανεστάτη.
991 3490 1034 3542 Cf.
1043 3489 1157 3564 Appiae.
1167 3491 1229 3561 Syr.
1238 3493 1284 3548 57.

159 3549 188 3602 ln
207 3550 403 3618 Hephaestionis
419 3555 502 3622 igitur
519 3563 545 3607 et
562 3557 704 3612 Perdiccae
719 3560 800 3630 locuni
817 3558 945 3612 successit.

227 3637 243 3700 ς
263 3637 304 3688 19.
339 3641 435 3692 retenti
441 3639 450 3708 ]
470 3632 663 3712 Multi'Bengc
682 3645 798 3710 detenti3
816 3644 861 3698 sed
879 3645 944 3700 haec
960 3643 1029 3698 inter
1044 3663 1072 3698 se
1084 3652 1284 3716 permutanturr

159 3715 185 3760 v.
200 3703 332 3778 Drakenb.
350 3706 382 3758 ad
396 3707 456 3761 Liv.
473 3709 506 3762 V.
525 3709 571 3762 IV.
590 3728 616 3782 p.
630 3713 706 3770 1089.

227 3793 302 3858 §w
339 3791 384 3860 Sic
401 3792 476 3863 etiarn
495 3797 592 3859 Derhid
608 3798 644 3849 de
661 3797 812 3868 Bocagein
831 3815 924 3868 mappa
941 3815 1031 3866 geogr.
1049 3797 1082 3851 ad
1100 3801 1127 3854 S.
1149 3803 1179 3853 C.
1198 3817 1283 3854 erm.

160 3860 267 3928 critique
291 3865 352 3916 cett.
377 3859 523 3929 delineata,
539 3926 541 3932 Ι
558 3871 588 3917 ut
611 3883 644 3918 ex
673 3867 853 3936 scriptoribus.
871 3869 994 3922 efficitur.
1043 3867 1121 3920 Falso
1149 3869 1284 3938 Dexippus

159 3927 249 3992 (Phot.
268 3931 310 3986 82.
329 3947 353 4000 p.
369 3927 421 3996 ol)
439 3929 506 3984 hunc
523 3940 633 3988 tractum
652 3937 720 3988 Poro
737 3935 837 3992 tribuit.
856 3965 887 3976 -
907 3940 923 3990 8
943 3937 1036 4002 codd,
1060 3937 1202 4004 inquibus
1220 3953 1284 3992 unus

160 3998 242 4066 Bong.
260 4005 287 4050 et
305 3997 404 4063 Goth,-
422 4001 586 4070 enm'Orose
608 4005 703 4064 Sernes
720 4003 779 4068 edd.
798 4008 878 4060 velta
896 4009 985 4069 Seres,
1005 4005 1049 4074 qni
1068 4006 1140 4058 huius
1160 4005 1212 4061 loni
1232 4023 1286 4060 non

157 4077 226 4123 cour.
261 4069 393 4124 Gronau:
408 4067 568 4134 Hydaspen,
580 4071 672 4132 nescio
692 4073 774 4138 unde,
798 4075 912 4142 quemvis
931 4075 970 4128 ite
988 4075 1069 4130 Goth.
