2744 4560
8 2197 18 2204 ,
36 2159 166 2206 μω,
180 2140 253 2192 unde

327 149 945 248 'Hls·r01tL1B.1.csP.1.2·
1090 181 1093 188 ’
1201 131 1223 252 s

87 332 162 396 alter
183 331 213 388 in
231 327 371 399 Pontum,
400 325 472 386 alter
493 345 582 406 usque
600 325 759 406 Aegyptum
779 333 910 408 ercessit3
945 335 995 394 sed
1014 319 1206 417 longinque?
1228 333 1231 340 '

88 437 150 490 nqn
172 413 292 474 finitima
313 409 385 472 bella
404 410 560 487 gerebant,
588 431 640 472 nec
658 414 802 493 imperium
824 418 891 494 sibi,¹
919 421 970 479 sed
988 422 1098 500 populis
1123 424 1180 482 suis

87 501 213 579 gloriam
231 495 419 574 quaerebant,
442 498 623 574 conmntique
641 499 756 558 victoria
773 501 887 579 imperio
906 505 1099 566 abstinebant:
1127 508 1180 568 Ni·

89 605 148 646 nus
172 581 394 659 magnitudinem
415 581 559 656 quaesitae
576 583 774 643 dominationis
792 579 922 647 continua
941 591 1115 668 possessione
1131 593 1181 650 fir·

90 669 194 730 mavit.
232 666 353 726 nonius
373 665 462 741 igitur
479 666 628 744 proximis,
650 687 712 726 cunr
735 671 892 755 accessione
909 674 1008 733 virium
1025 663 1123 736 tortior
1143 677 1205 738 ad8

92 753 168 814 alios
190 751 317 810 transiret
335 755 366 816 et
385 750 510 828 proxima
527 769 656 828 quaeque
672 753 790 814 victoria
807 757 1021 818 instrumentum
1040 761 1181 837 sequentis

93 841 188 910 esset,
209 836 297 895 totius
313 833 438 894 Orientis
448 835 566 914 populos
585 837 706 911 subegit
748 837 924 900 Postremum
946 842 984 901 illi
1004 843 1104 904 bellum
1118 851 1211 905 cums

91 923 266 994 Zoroastre,
296 935 366 994 rege
376 919 602 994 Bactrianorum,
627 922 695 995 suit,
717 923 765 1000 qui
781 926 884 1002 primas
905 927 1007 986 dicitur
1026 935 1100 990 artes
1122 946 1181 988 ma-

89 1007 171 1083 gices
192 1004 331 1064 invenisse
349 1009 379 1062 et
397 1005 494 1062 muudi
510 1003 645 1085 principib
664 1007 839 1085 siderumque
856 1016 949 1088 motus
970 1011 1182 1088 diligentissime
1243 1013 1246 1022 ’

90 1095 247 1170 spectasse.
274 1087 355 1164 ‚Hes
365 1088 454 1148 occiso
466 1095 498 1148 et
514 1090 575 1170 ipse
587 1092 722 1168 decant,
750 1091 848 1154 relicto
860 1094 1004 1175 impubere
1018 1097 1110 1156 adhuc
1121 1098 1180 1156 filio
1190 1107 1224 1162 10

90 1175 192 1250 Njnya
205 1179 234 1232 et
250 1191 338 1232 uxore
348 1172 539 1233 Semiramide.
832 1183 840 1196 ’
1186 1205 1189 1216 ·
1295 1203 1303 1222 .
1323 1189 1326 1198 ’

180 1257 218 1318 ll.
238 1259 318 1318 Ilaec
334 1275 387 1320 nec
399 1258 546 1318 immaturo
564 1277 632 1318 ausa
646 1261 758 1340 uadem
772 1261 918 1340 imperium
941 1282 993 1324 nee
1011 1265 1073 1344 ipsa
1088 1266 1204 1346 palaml

88 1350 239 1417 erastus,
257 1347 302 1401 tot
314 1361 347 1401 ac
361 1343 448 1402 tande
459 1343 589 1420 gentium
605 1345 653 1402 rix
664 1346 804 1422 patienter
822 1347 869 1405 uni
883 1348 957 1420 viro,
985 1351 1088 1409 nedum
1101 1353 1181 1410 temi-

94 1447 154 1487 nae
165 1427 307 1506 parilnris,
327 1426 437 1487 dmulm
456 1447 552 1506 repro
569 1445 656 1487 uxore
668 1429 736 1488 Nini
749 1428 853 1502 filiun,
873 1450 926 1509 pro
938 1431 1180 1511 teminspuerum.
1207 1467 1210 1474 ⁴
1279 1455 1284 1470 ¹
1308 1423 1311 1432 ¹

93 1511 175 1574 Nam
190 1517 219 1571 et
231 1517 336 1570 statura
347 1513 458 1588 utriqm
471 1512 619 1574 mediocris
633 1517 664 1570 et
675 1531 729 1572 vox
740 1513 845 1590 pariter
860 1514 969 1591 gracilis
987 1522 1015 1576 et
1028 1517 1206 1578 ducamen-2

93 1606 189 1658 torum
208 1595 325 1674 qualitas
345 1597 425 1656 matri
443 1616 477 1656 ac
495 1596 554 1654 filio
572 1597 683 1655 similis.
704 1597 812 1674 'igitur
825 1599 936 1658 brachia
955 1620 987 1660 ac
1008 1615 1087 1661 mars
1104 1601 1207 1661 veles-8

91 1682 215 1756 mentis,
236 1687 319 1760 caput
338 1682 410 1742 tiara
428 1681 515 1759 tegit3
537 1685 567 1740 et
584 1700 621 1741 ne
634 1700 709 1740 noso
727 1682 822 1741 habitu
835 1683 940 1763 aliquid
951 1681 1088 1748 oonrltare‘
1101 1687 1180 1747 vide·

91 1883 154 1922 men
168 1865 231 1934 quia
243 1862 401 1932 etismspud
422 1864 539 1916 Graecos
560 1863 639 1919 variis
660 1863 741 1917 modis
762 1864 939 1932 scribebatur,
963 1872 1004 1922 tot
1018 1865 1223 1922 testimoniorum

93 1951 246 1990 consensum
261 1933 301 1985 iu
327 1933 451 1998 Vererer,
492 1933 599 1989 Versu
616 1933 662 2002 sel
683 1935 789 1989 Veseris
805 1951 928 2005 merome
952 1935 1072 2006 religioni
1098 1937 1222 1990 duximus.

93 2003 137 2058 nd
156 2005 258 2058 Vesoss's
271 2003 386 2072 proxime
398 2001 500 2056 accedit
516 2001 549 2056 Is.
571 2003 655 2058 Vossis'
671 2003 809 2074 Sesosis
825 2005 867 2060 rel
883 2007 1057 2071 Sessosis,
1073 2011 1101 2063 ss
1114 2006 1153 2062 sie
1165 2007 1223 2060 for-

95 2079 166 2126 tasse
179 2069 319 2124 Suetonius
331 2071 360 2122 in
371 2068 437 2123 libro
451 2071 484 2124 de
495 2071 653 2154 regidmolv.
667 2071 763 2156 susos:
776 2072 851 2144 epist.
875 2075 957 2158 19).-
977 2075 1161 2192 Theopompus
1181 2081 1224 2126 te-

98 2209 155 2262 lon.
168 2137 529 2274 Rhoddblndbtiglodlud’sbb
535 2139 716 2274 ddrddsflbbdu
723 2141 1129 2278 boddeldbtddbtdltuddodvediddroed
1143 2140 1224 2261 iddi-

100 2277 129 2330 ni
142 2276 319 2340 remisserunt.
336 2303 371 2340 -,-
394 2275 533 2342 I'raeterea
545 2294 562 2332 a
575 2293 627 2346 quo
641 2283 747 2340 auctore
758 2284 901 2346 temporum
913 2277 978 2334 haec
989 2277 1073 2341 redo,
1098 2276 1224 2336 usensi-

97 2363 171 2412 maa
184 2344 301 2414 vulgari,
317 2344 422 2414 prinum
436 2344 662 2417 molestassent,
684 2345 748 2405 susis
765 2353 838 2402 certo
858 2345 975 2405 iuvenire
989 2346 1052 2402 mihi
1072 2363 1124 2402 non
1141 2346 1225 2402 cond

97 2416 151 2486 glt3
169 2408 277 2485 probari
296 2421 381 2468 autem
397 2415 439 2468 vel
462 2414 615 2484 excogitari,
626 2415 738 2475 debehat
758 2417 792 2470 ab
811 2417 858 2482 iis,
880 2416 925 2486 qui
937 2417 1051 2502 Scythas
1064 2417 1125 2471 olim
1139 2417 1225 2472 Asiam

98 2487 144 2539 diu
165 2485 207 2552 (v.
227 2483 263 2550 II,
287 2485 313 2548 3,
338 2484 433 2552 517.)
454 2483 772 2554 vectigalem-possedisse
797 2491 828 2542 et
842 2485 993 2544 Sessmidss
1016 2485 1225 2558 omnisomnis

98 2553 207 2626 primam
220 2551 255 2606 ad
270 2552 340 2606 bella
355 2559 462 2606 rocetos
474 2571 528 2608 esse
539 2555 704 2608 statuebantr
729 2555 824 2624 quihus
846 2555 926 2623 gestis
939 2556 1010 2610 locus
1026 2556 1161 2610 sanctuni
1173 2571 1225 2612 uos

9 2623 11 2640 '
100 2627 205 2693 poterat
230 2622 258 2674 in
276 2627 339 2676 noto
360 2620 491 2678 Asiaticae
517 2622 638 2680 historiae
655 2629 760 2680 mucre..
797 2624 908 2678 Praeter
927 2624 1056 2682 'lustinum
1077 2624 1226 2693 Aguslrs'nrs

9 2703 11 2734 Ι
100 2707 205 2760 quoque
223 2689 352 2746 Sesostris
381 2690 552 2760 antiquiorem
570 2693 658 2746 tacere
677 2693 762 2756 Niso,
792 2693 866 2748 testis
887 2697 927 2748 est
946 2694 1000 2750 lae
1023 2690 1176 2746 Perizonius
1197 2689 1226 2744 ls
1267 2713 1271 2726 ¹

10 3453 14 3470 '
105 3446 252 3500 nostroloco
265 3444 401 3516 insiguiter
413 3466 442 3502 co
518 3455 611 3512 aluno

102 2761 691 2898 Qsdffltitrtttttel
700 2763 1225 2897 Pdrtstblttdltn...

99 2896 247 2952 hahileest.
313 2905 441 2981 terpreses
453 2915 509 2952 aim
525 2905 620 2955 tessere
651 2915 681 2954 ro
776 2901 828 2956 'tea
838 2897 968 2956 Herodoti
991 2896 1053 2964 (IV,
1069 2897 1102 2964 5)
1118 2896 1226 2952 hesse

99 2972 171 3038 runt.
194 2965 279 3019 codd.
293 2968 459 3036 plunmorum
472 2967 607 3022 lectionem
641 2976 707 3022 rmat
719 2969 753 3022 Isi
773 2986 830 3021 orus
846 2972 874 3021 et
886 2966 980 3036 reliqui
994 2966 1151 3036 chronogr.e
1166 2965 1226 3033 qui-

102 3033 178 3097 dam,
194 3041 225 3086 ut
236 3035 324 3100 crac,
342 3035 441 3099 Goth,
458 3036 554 3106 Pragn
584 3039 700 3110 lhnus'u
716 3038 856 3093 Iornsndes
872 3035 1007 3090 amussis
1020 3039 1108 3086 voest.
1140 3031 1162 3083 1.
1180 3033 1226 3084 Pr.

106 3101 272 3154 Gronovius:
285 3105 405 3174 Scythiae
420 3123 442 3158 r.
452 3107 551 3159 landus
560 3103 776 3176 (idsdosoelcx
787 3105 899 3161 Mriena
910 3103 938 3167 iu
952 3097 1081 3154 Parthicis
1092 3113 1136 3168 ap.
1148 3099 1226 3156 Phot.

104 3169 171 3226 (lod.
185 3169 283 3222 LVIII.
297 3201 330 3214 -
346 3173 412 3228 Vide
426 3174 459 3228 sd
472 3174 507 3239 ll,
524 3176 550 3232 3.
949 3215 951 3220 ,

173 3241 193 3306 5
208 3241 236 3293 9.
255 3240 297 3292 s‘lls'
307 3243 414 3308 bellum
439 3243 531 3296 bellurn
548 3245 590 3296 s‘lls'
603 3241 677 3296 codd.
689 3241 781 3308 Bong,
800 3236 893 3302 Grac,
910 3235 992 3291 Goth.
1111 3251 1116 3260 ·

171 3309 332 3376 mouisse]
348 3311 394 3364 Sic
403 3309 503 3371 Ctesias
516 3308 583 3364 libro
594 3310 616 3373 I,
630 3309 699 3362 unde
711 3309 776 3361 haec
786 3307 869 3377 petita
882 3312 957 3371 sunt,
976 3305 1046 3376 epud
1059 3308 1156 3364 snos.
1168 3308 1241 3362 adn‘

102 3382 193 3446 gentes
201 3377 223 3441 1,
232 3377 269 3431 52
283 3377 340 3432 coll.
353 3381 380 3434 5.
393 3380 444 3448 (tl
508 3387 570 3438 eura
578 3379 680 3432 Ctesine
691 3377 837 3432 enarrer.
846 3393 871 3446 p.
881 3374 966 3462 doh),
975 3376 1228 3460 erriustestimoniun

103 3532 130 3584 p.
142 3511 201 3568 344.
213 3515 313 3582 Orell.)
325 3523 452 3572 tentatum
470 3523 497 3572 st
511 3535 527 3571 a
540 3463 751 3585 aseddim
758 3446 1125 3580 ddldbldsbbddfflduldbsbbd
1131 3446 1228 3568 Asinid-
1275 3477 1279 3494 ἱ

103 3583 194 3636 stinusn
210 3583 387 3638 contulissent.
421 3585 446 3639 Ε
464 3585 553 3640 Ctesia
566 3585 593 3638 in
607 3585 763 3650 Eusebium,
781 3587 843 3639 iude
856 3589 884 3638 et
897 3589 1032 3638 ex·uostro
1044 3584 1102 3638 loco
1117 3585 1185 3636 haee
1200 3582 1228 3634 in
1304 3629 1308 3637 .

102 3651 260 3706 omniafere
276 3645 408 3736 Chronica
432 3655 597 3711 transierunt
628 3655 685 3722 (cf.
703 3655 856 3736 Ilhsdlum,
882 3654 925 3706 die
946 3654 1044 3736 heitige
1063 3653 1136 3720 Serge
1165 3657 1227 3704 cett

100 3737 127 3844 p.
144 3721 218 3788 132.)
255 3721 387 3775 'I'urbavst
401 3721 509 3776 Diodor.
520 3723 556 3787 ll,
574 3725 599 3777 6.
618 3723 662 3792 qui
677 3731 704 3775 et
718 3740 774 3791 ipse
785 3725 898 3776 Ctesranr
917 3728 1051 3791 exprimit,
1082 3719 1128 3772 sed
1140 3736 1228 3789 regam

11 3827 12 3830 =
124 3789 300 3845 atrianorum
312 3787 471 3860 Ὀξυάρτην
485 3799 581 3855 vocate
604 3791 828 3846 insertum'tamen
846 3790 872 3842 id
893 3807 983 3844 nomen
1003 3789 1040 3842 ihi
1063 3805 1133 3851 esse,
1152 3788 1228 3841 codd.

101 3855 223 3912 lectiones
238 3860 395 3924 ostendunt3
406 3901 408 3908 .
418 3861 497 3916 multo
511 3863 596 3916 miuus
611 3859 730 3922 Pridosio
743 3859 905 3927 (Psideursr)
929 3857 1070 3922 credimus,
1095 3856 1122 3909 in
1138 3857 1228 3912 lustIni

101 3924 252 3999 quibusdam
265 3927 330 3980 Mes
346 3929 480 3998 Ossetrel
515 3930 533 3983 '.
1237 3929 1242 3938 '

168 3995 200 4050 C.
216 3995 253 4052 ll.
271 3999 289 4062 ἓ
306 4001 331 4051 1.
349 3997 488 4052 immaturo
529 3996 653 4052 Permulti
664 3997 739 4060 libri,
763 3996 897 4068 inquibus
913 3993 983 4049 Med.
993 4013 1008 4044 „
1024 3996 1093 4048 iussn.
1104 4009 1194 4062 peno·

168 4067 225 4130 Sd.
249 4067 420 4134 uelamentis]
446 4067 507 4133 Sic,
532 4070 558 4124 nl
572 4067 664 4136 fallor,
688 4066 762 4122 codd.
784 4067 902 4122 Gronov.
927 4063 1228 4133 perscorensem,
