2732 4560
1116 54 1135 88 .

255 161 443 264 ursroa
477 201 567 264 ura.
587 192 720 266 xxxix.
747 144 842 268 oar.
863 208 894 270 a.
915 207 945 272 4.
968 205 997 272 5.
1039 143 1043 152 .
1126 159 1191 274 ab

59 373 182 435 Quum
193 363 323 416 revocat:
344 356 388 416 cui
403 375 465 415 mm
479 356 593 416 cocullie
606 357 718 418 insidiis
734 357 848 418 exitium
860 357 1078 435 machinaretur,
1098 379 1147 423 oc·

60 448 169 522 eupute
187 442 224 504 ah
242 443 343 502 eodem
362 441 742 520 interficiturpspiritumque
756 461 814 502 nou
834 444 908 515 suto,
930 445 982 502 sed
1000 447 1149 524 parricidio

58 527 158 588 dedit:
181 526 269 603 digua
290 544 403 604 prorsus
417 526 469 584 huc
482 528 579 584 mortis
598 527 727 601 iufamia,
748 545 821 604 quee
840 528 923 586 et'um
944 535 1060 590 matrem
1079 537 1172 591 toros

59 609 185 692 expulit3
205 618 235 670 et
256 610 326 670 duas
342 609 412 668 lilius
432 611 530 670 viduus
552 611 659 671 alterno
675 615 791 672 fratrum
809 612 987 672 matrimonio
1006 616 1090 689 fecit3
1118 622 1147 676 et

59 697 123 756 filio
137 695 215 771 alteri
241 696 271 754 in
293 695 415 754 exsilium
430 701 494 754 acto
515 695 618 758 bellum
634 697 723 756 intulit
733 731 747 772 ,·
763 697 844 758 alteri
866 703 964 776 erepto
981 717 1070 778 regno
1088 701 1173 769 gxi-⁴
1261 713 1270 724 ¹

58 782 132 842 tium
150 783 203 858 p'er
215 779 331 840 iusidias
345 779 501 840 machinata
520 787 572 842 est.

141 865 178 924 V.
198 866 259 924 Sed
280 884 331 926 uec
349 864 509 924 Alexandro
531 866 631 924 caedes
647 871 707 925 tam
723 867 847 925 nefanda
866 865 957 925 inulla
968 867 1029 928 fuit
1071 866 1169 928 Nemt

58 951 108 1010 ubi
122 951 244 1030 primum
263 953 433 1028 compertum¹
449 956 492 1008 est
504 949 607 1009 scelere
621 951 668 1008 lilii
680 956 794 1010 multem
808 951 997 1026 interiectam,
1012 969 1147 1012 concursu
1221 986 1227 994 ·

57 1035 161 1117 populi
179 1035 209 1093 lu
229 1033 353 1094 exsilium
373 1033 465 1110 agitur
483 1041 672 1114 revocatoque
689 1033 850 1096 Ptolemaeo
870 1053 986 1112 reguum
1006 1037 1146 1098 redditur:

57 1117 108 1200 qui
126 1137 221 1196 aeque
232 1140 292 1180 cum
307 1125 397 1178 matre
407 1117 509 1188 bellum
521 1139 619 1196 gerere
635 1117 784 1196 voluisset,
806 1140 859 1182 uec
872 1139 891 1180 a
904 1123 989 1182 fratre
1003 1123 1087 1183 ermis
1100 1142 1146 1184 re·
1189 1145 1193 1151 ’

57 1201 177 1286 petere,
198 1203 275 1280 quod
291 1204 368 1281 prior
385 1204 566 1282 possedisset

146 1287 224 1349 Dum
243 1288 312 1347 haec
330 1295 463 1364 aguntur,
483 1290 570 1348 trater
586 1288 644 1348 eius
655 1305 694 1348 ‘ex
707 1288 804 1367 pellice
819 1296 983 1368 susceptus,
1003 1292 1048 1350 cui
1067 1294 1172 1370 patert

57 1375 234 1451 Cyrenarum
255 1391 370 1448 reguum
390 1377 556 1433 testamento
580 1374 744 1450 reliquerat,
771 1375 874 1434 herede
893 1375 1169 1454 populo-Romuuo'

56 1458 326 1520 institutudaoeuir.
368 1455 426 1515 lam
439 1457 511 1517 enirn
526 1461 636 1516 furtum
650 1458 777 1516 Romana
788 1458 933 1537 porrigere
945 1478 976 1518 se
992 1460 1029 1518 ad
1042 1461 1172 1520 Orien-ll

57 1544 129 1604 talia
149 1561 256 1620 regua,
277 1561 334 1601 uon
355 1541 592 1602 couteutelteliae
609 1544 749 1618 terminis,
771 1548 909 1620 coeperat
950 1545 1049 1620 ltaque
1065 1550 1096 1604 et
1113 1561 1147 1604 eu

56 1647 128 1710 pars
149 1627 258 1703 Libyae
280 1627 421 1704 provincia
446 1627 520 1686 lacta
545 1634 587 1686 est
593 1647 604 1708 3
632 1633 731 1708 postea
753 1628 841 1687 Crete
858 1627 1011 1704 Ciliciaque
1031 1628 1147 1707 piratico

58 1713 135 1774 hello
156 1713 331 1792 perdomitae
351 1711 380 1770 in
404 1714 520 1774 sormam
538 1711 696 1790 provinciae
717 1713 891 1788 rediguntur.
934 1712 999 1782 Quo
1017 1714 1095 1772 secto
1118 1712 1172 1772 erl
1195 1717 1200 1724 '

57 1799 164 1876 Syriae
181 1802 212 1856 et
222 1793 344 1874 Aegypti
356 1814 445 1872 regua
458 1795 587 1856 Romana
598 1797 742 1858 vicinitate
761 1801 871 1869 artuta,
891 1815 965 1873 quae
977 1797 1148 1858 incrementa
1164 1816 1168 1823 ·

57 1885 97 1944 de
112 1882 239 1944 finitimis
258 1881 335 1941 bellis
353 1878 488 1957 quaerere
511 1881 654 1954 solebant,
675 1883 787 1941 ademto
801 1883 923 1956 regendi
942 1883 1057 1954 ¹arbitrio
1075 1882 1147 1940 vires

59 1959 127 2028 suas
148 1967 178 2024 iu
196 1966 343 2045 perniciem
363 1972 484 2025 mutuam
507 1972 716 2025 converterunt:
745 1967 817 2024 adeo
837 1971 873 2024 ut
888 1965 1010 2024 adslduia
1034 1965 1174 2044 proeliis5

59 2051 201 2114 consumti
228 2051 258 2109 ia
282 2055 450 2126 contemtum
477 2049 654 2108 finitimorum
675 2051 801 2110 venerint
827 2051 1004 2128 praedaeque
1022 2049 1148 2114 Arabum

59 2127 163 2218 geuti',
184 2133 283 2194 imbelli
298 2138 395 2212 balea,
416 2135 530 2194 suerint:
551 2133 668 2213 quoru'm
686 2153 735 2196 rex
754 2133 896 2194 Erotimus
921 2132 1022 2194 fiducia
1040 2133 1173 2214 septus-,6
1285 2149 1290 2160 ’

64 2279 277 2300 -ι-ιριι-ι

132 2358 153 2422 3
171 2355 197 2410 5.
231 2351 354 2422 combis]
374 2351 437 2408 Mes.
457 2352 553 2422 Bongr
572 2354 719 2408 occultatio.
767 2366 769 2371 '

132 2421 166 2476 G.
184 2423 216 2476 V.
241 2423 300 2490 §1-
333 2423 464 2491 prinum]
483 2419 606 2478 Deesthr
625 2423 728 2490 Parin,
746 2420 823 2477 crae.
1036 2453 1041 2460 -
1119 2453 1121 2460 ,

132 2495 257 2546 mauruli
271 2493 379 2562 populi]
397 2491 522 2552 seditione
539 2492 627 2562 potius
641 2492 763 2557 militari,
781 2497 813 2543 ut
829 2489 881 2542 Por
901 2488 1001 2562 hyrluc.

131 2561 299 2630 Ptolemaeo]
341 2562 435 2619 atburu
451 2562 494 2613 rel
511 2561 621 2614 Soteri..
641 2561 746 2630 Regnat
763 2560 796 2612 sb
810 2577 836 2614 a.
855 2505 900 2614 83
908 2558 941 2614 ad
960 2576 983 2612 u.
1002 2557 1045 2618 81.

131 2631 149 2694 S
168 2631 194 2682 2.
224 2633 315 2696 frater
350 2647 383 2682 ex
402 2629 536 2700 Physcone
553 2631 716 2694 Ptolemaeo,
734 2629 801 2680 Ptol.
821 2628 920 2695 llpion3
939 2645 965 2680 a.
979 2629 1043 2682 lucc.
1062 2642 1105 2696 ap.
1118 2624 1190 2694 Lips.

42 2695 97 2755 'aid
116 2697 205 2752 Tacit.
222 2699 285 2752 hun.
303 2697 374 2764 xw,
394 2699 435 2752 18.
453 2727 486 2738 -
505 2699 540 2751 U.
558 2717 581 2752 c.
595 2701 654 2754 657.
671 2727 707 2738 -·
724 2697 897 2764 Bongersiurr
916 2696 972 2760 „In
987 2695 1119 2764 plerisque
1131 2705 1193 2748 ruse.

60 2784 158 2824 manca
174 2767 239 2822 haec
262 2771 352 2820 eunt.“
386 2765 461 2820 Ullus
479 2766 528 2821 air
554 2769 642 2838 igitur
660 2767 807 2820 Alexander
830 2767 909 2835 regni
934 2764 1053 2833 Cyrenis,
1080 2762 1150 2836 quod
1166 2761 1192 2813 ei
1244 2763 1246 2770 ’

58 2836 285 2910 patescerent
321 2837 417 2890 creec
436 2837 477 2906 lg.
496 2838 539 2889 Al.
556 2853 681 2908 regnum,
700 2835 768 2904 quod
786 2835 853 2901 cip.
872 2839 892 2886 t.
927 2878 932 2888 ,

134 2906 196 2971 §3-
228 2907 365 2974 prouincia
378 2905 475 2972 scete]
506 2903 556 2958 imo
579 2905 689 2973 triginta
713 2903 794 2954 terme
818 2901 984 2969 enniqportc
1006 2895 1192 2968 cumprimum

61 2973 141 3030 Livio
160 2977 266 3032 auctura
282 2973 359 3044 (epit.
378 2973 466 3040 Lxx)
489 2981 594 3028 secutus
618 2975 671 3026 etur
695 2971 831 3040 (Apionis)
854 2987 882 3021 re
922 2969 932 3021 r·
955 2970 1079 3022 deitates
1098 2966 1193 3018 libem

61 3061 124 3100 crarev
142 3043 227 3096 iussit.
268 3043 332 3096 Inde
356 3043 380 3094 G
413 3041 485 3095 cosei
510 3043 628 3112 tyrannis
653 3041 740 3094 rexutl
764 3057 781 3092 a
803 3038 910 3094 Luculo
939 3038 1012 3106 legas
1036 3039 1193 3102 acceperuut

61 3112 216 3182 (Plutarch.
234 3129 259 3182 p.
276 3111 345 3175 492,
395 3113 428 3179 );
445 3111 556 3180 dealque
572 3112 607 3164 U.
626 3128 647 3163 c.
666 3111 719 3165 686
735 3109 762 3160 iu
780 3105 1054 3178 provinciue'lormarn
1069 3103 1193 3158 videatur

60 3179 168 3239 reducti
181 3197 250 3234 esse.
286 3182 317 3235 V.
335 3181 436 3232 dehis
458 3195 551 3249 magna
576 3179 692 3233 sollertia
716 3183 881 3246 quaerentem
904 3175 985 3228 Heur.
1004 3171 1135 3227 Valerium
1158 3169 1193 3224 ad
1237 3223 1240 3230 ,
1268 3225 1272 3228 ,

60 3250 192 3306 Αωιιὶαη.
209 3249 292 3304 Marc.
312 3249 404 3314 XXII,
425 3251 472 3315 16,
491 3265 517 3332 p.
532 3251 582 3304 521
601 3265 641 3316 aq.
656 3249 766 3314 wege,
790 3246 835 3298 ubi
852 3246 922 3298 idem
939 3250 1106 3296 commeatum
1123 3238 1192 3293 istud

60 3321 98 3374 de
115 3318 389 3372 duobusl’tclemaeia
406 3318 572 3390 Apicnrbue,
605 3319 689 3371 altero
714 3315 854 3408 Cyrenes,
889 3307 993 3382 Libyae'
1013 3329 1078 3381 rege
1101 3309 1192 3376 altero,
1262 3329 1270 3350 ¹

60 3387 201 3462 praeclare
217 3388 325 3442 relutat.
429 3395 434 3428 '-

136 3457 234 3524 θεία]
253 3474 268 3510 a
286 3459 321 3520 Q.
339 3454 456 3510 Caecilio
474 3455 581 3508 Metello
599 3455 744 3517 debellate,
763 3452 799 3506 U.
818 3471 840 3508 c.
859 3452 920 3508 686.

83 3569 86 3578 .
134 3524 249 3592 Cilicia]
264 3524 318 3596 (iarn
336 3543 361 3579 e.
379 3527 431 3582 679
449 3542 465 3577 a
483 3527 512 3578 P.
531 3524 645 3577 Servilio
660 3523 806 3592 (laaurlco)
822 3521 901 3574 victu.

131 3595 249 3664 piratico
266 3591 350 3662 tello]
370 3611 387 3646 u
404 3593 527 3662 Pompeio
544 3611 568 3646 u.
586 3593 637 3649 687
654 3593 781 3645 confecto.
862 3601 866 3608 '
955 3621 957 3626 ·
1172 3652 1179 3666 ι

135 3664 154 3729 5
171 3661 198 3715 4.
234 3664 266 3716 de
275 3665 401 3730 finctae
418 3665 505 3732 bellic]
529 3662 548 3716 i.
565 3681 589 3715 e.
607 3678 623 3715 u
640 3661 755 3715 finitimis
773 3675 822 3730 per
845 3657 928 3726 bella,
952 3664 982 3712 ut
998 3657 1050 3712 lem
1065 3653 1195 3710 intullerat

60 3734 84 3787 1.
103 3731 151 3784 Fr.
170 3731 304 3794 Gronov.;
324 3749 348 3785 r.
366 3731 464 3799 Wopk.
1144 3789 1151 3802 ο

136 3801 197 3866 56.
232 3799 382 3870 hmines]
408 3802 481 3854 Vett.
499 3800 574 3863 edd,
599 3798 676 3852 etiam
695 3795 770 3852 alon
796 3796 959 3859 flectimur,
984 3803 1014 3850 ut
1030 3792 1193 3852 Perlecurua.

60 3871 167 3940 Bong.=
186 3871 353 3934 wetinus,
383 3869 452 3938 quod
480 3886 536 3922 cum
561 3885 687 3940 nusquam
710 3864 873 3928 invenerin‚'
894 3883 987 3920 vereor
1003 3883 1036 3920 na
1051 3859 1142 3923 vitium
1158 3855 1196 3908 eit
1227 3919 1231 3933 1

58 3939 235 4009 typogruphi.
270 3940 288 3992 3
306 3941 439 3992 Gronov.=
456 3939 631 4000 Hieratinucr
651 3940 664 3990 1
683 3937 777 4004 Bcug,
795 3935 890 4002 Frage
909 3937 1080 3992 Hieratinuac
1096 3924 1194 3979 Goth:

60 4007 226 4061 loroffimuc.
261 4007 457 4078 herigerum,
479 4007 528 4060 uisi
548 4008 615 4059 torte
634 4007 744 4067 Arctoe,
770 4019 845 4071 quem
869 4003 1009 4072 significari
1033 4001 1068 4052 ls.
1085 3995 1196 4052 Vossius
1256 4025 1272 4042 ι’

6 4133 8 4144 ,
60 4075 117 4130 acu
136 4074 283 4130 dubitabat.
318 4077 357 4130 Ac
372 4077 492 4148 prolecto
510 4077 554 4129 hic
571 4075 621 4130 iem
638 4081 700 4130 aute
714 4071 805 4150 §typi
827 4083 936 4128 mertem
963 4071 1073 4131 anuum
1089 4081 1196 4136 reguum

888 4143 990 4206 ΗΜ

1230 17 1360 172 ,ψ

1356 175 1360 342 l
