2800 4552
351 193 545 290 ursron.
575 193 664 256 nra.
685 193 789 254 xxvr.
820 194 917 256 cas.
939 202 965 260 1.
989 203 1018 262 2.
1119 179 1124 274 s
1160 263 1162 270 ,
1196 200 1263 264 aar

126 351 308 413 adduxisset:
330 347 498 424 inspeciem
518 352 670 406 castrorum
690 349 776 426 parva
796 367 879 408 mann
900 351 1033 410 adversus
1049 355 1156 410 ceteros
1172 371 1237 412 re·-

125 439 195 497 licta
206 437 344 494 adversus
359 431 458 490 Gallos
473 434 540 490 totis
554 433 655 491 viribus
666 433 857 510 proficiscitur.
880 435 987 516 Quibus
1000 437 1116 510 cognitis
1131 436 1240 510 Galles

126 542 193 584 curn
208 527 237 580 et
249 521 303 600 ipsi
317 537 348 576 sc
362 514 468 594 proelio
480 524 626 594 pararent,
648 519 681 574 in
696 520 818 594 aruspicia
833 538 946 594 pugnae
960 519 1063 576 hostias
1082 523 1215 588 caedunt:
1230 571 1234 579 .
1295 534 1299 542 “

125 623 255 685 quarum.
266 604 336 663 eatis
357 601 535 680 caramagna
549 604 648 662 caedes
665 603 851 678 interitusque
866 605 987 662 oninium
1000 605 1215 680 praediceretur,

129 691 236 750 non-in
249 691 394 758 timorem,
416 687 515 744 sedin
539 689 658 746 furorem
678 688 750 746 versi
770 695 970 764 sperantesque
992 691 1106 748 deornm
1128 691 1215 746 minas

130 775 240 852 expiari
255 774 341 830 caede
354 791 467 828 snorum
482 790 579 848 posse,
601 772 733 848 coniuges
757 778 785 830 et
800 771 901 840 liberos
915 791 978 830 snos
992 773 1149 846 trucuant,
1167 791 1233 850 aug

131 860 221 938 spicia
240 857 304 916 belli
324 875 341 913 a
360 856 509 934 parricidio
526 855 696 933 incipientes.
740 857 835 914 'l'auta
848 858 939 914 rabies
958 861 1031 916 seros
1046 858 1152 915 animos
1174 858 1241 914 in-3

130 950 262 1015 vaserat,
288 947 321 998 nt
348 959 406 997 nou
431 943 578 1017 parcerent
596 940 706 1013 aetati,
730 941 874 999 caiatiam
893 941 986 1000 hostes
1008 943 1217 1021 pepercissent3

130 1027 292 1103 bellumque
303 1021 500 1083 internecivum
515 1043 575 1082 cum
594 1023 688 1084 liberis
702 1025 906 1101 liberorumque
925 1027 1059 1089 matribus,
1078 1031 1216 1102 gererent,

130 1133 186 1192 pro
208 1112 307 1188 quihus
330 1109 402 1180 bella
415 1109 522 1188 'sancipi
546 1109 642 1168 solent
685 1109 783 1186 ltaque
802 1112 881 1186 quasi
903 1111 1007 1170 scelere
1027 1112 1112 1168 vitam
1130 1111 1243 1172 vieto-4
1312 1139 1316 1142 ·
1389 1071 1390 1074 Ἴ

132 1200 260 1273 uiamque
273 1195 471 1266 redemissent,
494 1195 565 1252 sicut
586 1200 664 1254 erant
686 1195 791 1266 cruenti
810 1213 845 1254 ex
863 1196 966 1254 recenti
988 1215 1098 1254 anonim
1122 1195 1219 1267 caede,

133 1283 165 1341 in
186 1281 321 1360 proelium
341 1297 399 1336 non
422 1277 534 1336 meliore
554 1286 654 1338 eventu
676 1297 758 1354 qnam
779 1271 871 1340 omine
887 1281 1109 1356 proficiscuntnrz
1132 1279 1242 1354 siqui-5

120 1425 122 1428 ,
135 1369 202 1427 dem
210 1371 374 1445 pugnantes
388 1365 463 1440 prins
477 1363 683 1440 parricidiorum
692 1364 781 1420 iuriae
796 1364 986 1438 qnamhostes
1001 1367 1217 1432 mrcumvenerc3

135 1449 407 1524 obversantibusque
416 1447 592 1506 ante‘oculos
607 1447 733 1506 manibus
745 1449 953 1509 interemtorum
967 1468 1062 1506 omnes
1077 1448 1218 1506 occidione

135 1537 218 1596 caesi.
263 1533 359 1592 Tanta
379 1538 488 1607 strages
508 1532 577 1604 fuit,
595 1536 638 1588 'ut
658 1533 762 1608 pariter
782 1551 843 1589 curn
862 1532 1016 1590 hominihus
1037 1533 1076 1590 dii
1100 1537 1242 1592 consen-6

98 1645 100 1650 ·
135 1623 208 1680 sisse
228 1621 255 1680 in
278 1617 389 1678 exitium
403 1615 600 1693 parricidarum
618 1616 785 1674 viderentur.
831 1615 898 1674 Post
912 1617 991 1674 huius
1008 1618 1119 1694 pugnae
1135 1618 1242 1674 even-7
1299 1624 1306 1634 ’

136 1712 196 1764 tum
212 1704 384 1762 Ptolemaeus
400 1706 429 1758 et
443 1701 575 1777 Spartani
588 1703 719 1759 victorem
735 1700 853 1758 hostiurn
873 1703 1023 1760 exercitum
1045 1699 1215 1758 declinantes

137 1793 167 1848 in
183 1791 284 1847 tutiora
299 1807 330 1846 se
348 1785 490 1862 recipiunt.
532 1783 687 1860 Antigonus
704 1804 814 1861 quoque
829 1785 876 1842 ubi
895 1805 988 1844 eorum
1007 1785 1156 1844 discessum
1176 1785 1242 1843 vi-8

137 1876 203 1948 det,
219 1872 321 1934 recenti
336 1869 469 1929 adhucex
483 1870 569 1948 priori
583 1869 823 1931 victoriamilitum
839 1870 939 1929 ardore
955 1869 1054 1930 bellum
1069 1867 1218 1928 Athenien·
1247 1857 1256 1876 ⁸
1297 1930 1302 1936 ,
1328 1933 1332 1940 ,

139 2135 372 2204 pernmsreintans.
405 2136 448 2188 Ex
463 2135 559 2189 Iustini
576 2136 610 2188 de
627 2136 668 2188 bis
686 2135 772 2187 Gallis
794 2135 926 2188 'sententia
950 2135 1070 2205 provenit
1096 2133 1172 2186 etiam
1195 2147 1260 2184 vox:

141 2203 310 2270 adflsmiaeet,
327 2221 376 2270 qua
392 2204 429 2256 nti
448 2221 499 2258 non
516 2205 637 2257 debebat.
672 2205 726 2256 Res
743 2205 775 2259 ad
794 2203 904 2272 Megara
920 2211 995 2272 gesta
1013 2205 1066 2268 est,
1091 2201 1185 2254 nonin
1203 2201 1260 2252 Ma-

140 2272 268 2332 cedonio,
285 2280 314 2323 ut
331 2271 489 2336 Wetzelius,
514 2275 558 2341 qui
577 2274 668 2325 Gallos
687 2273 781 2342 Pyrrhi
798 2273 824 2324 in
841 2274 991 2341 occupanda
1010 2270 1163 2324 Macedonia
1179 2269 1262 2322 socios
1293 2271 1294 2276 ’

137 2339 233 2408 (Diod.
252 2341 342 2403 xxii,
361 2359 387 2410 p.
404 2345 459 2397 563
476 2343 576 2408 Wess)
600 2341 741 2394 intellexit:
766 2343 839 2406 „hos
856 2360 873 2403 a
890 2341 990 2409 Pyrrho
1012 2342 1042 2394 in
1060 2341 1262 2408 Peloponnesum

138 2407 280 2462 festinante
296 2411 328 2462 ad
348 2411 524 2464 Macedoniam
543 2403 674 2463 tutandain
693 2411 814 2476 relictos,
837 2411 884 2464 sed
901 2411 1016 2464 interra
1034 2411 1115 2464 amica
1133 2408 1262 2461 hostiliter

137 2485 249 2546 agentes
265 2478 413 2532 debellabat
438 2480 609 2548 Antigonus.“
643 2481 764 2533 Somnia!
798 2509 832 2520 -
866 2481 1036 2536 2Gronov.:
1060 2477 1263 2550 Gallograeciae

139 2547 201 2600 coll.
219 2548 271 2609 N..
289 2547 383 2625 Prag.=
404 2549 644 2618 Gallograecorum.
1043 2587 1047 2594 .
1190 2555 1194 2563 ‘

97 2663 100 2668 .
213 2617 270 2679 §2
305 2618 333 2668 in
350 2619 468 2684 auspiciu
485 2617 562 2686 sqq]
582 2618 625 2670 uf.
643 2615 676 2672 ad
694 2615 779 2679 XXV,
796 2616 907 2682 4,ss

167 2725 179 2735 .
214 2702 232 2736 a
244 2687 408 2751 partisidia]
427 2689 456 2735 ut
473 2702 528 2753 seq.
546 2685 606 2737 libri
624 2685 706 2737 initio.
742 2686 796 2738 Sed
821 2685 978 2755 praepositio
997 2684 1087 2738 deerat
1103 2683 1131 2734 in
1147 2679 1264 2736 omnihus
1288 2731 1290 2738 ,

139 2752 283 2820 Bongass„
301 2753 358 2806 coll.
376 2753 406 2807 C.
425 2753 471 2818 (l,
490 2754 580 2817 aaut,
599 2753 692 2806 Goth:
717 2753 750 2807 de
768 2772 817 2824 qno
835 2755 995 2808 Scheiierusr
1015 2755 1091 2819 „hoc
1107 2749 1167 2822 quie
1185 2748 1221 2800 sit
1238 2754 1265 2800 et

141 2821 209 2943 alibil
223 2823 432 2942 apnddnostrum
456 2823 569 2892 [ubinam
577 2823 619 2889 2]‚
645 2823 722 2876 etiam
748 2824 792 2876 hic
814 2830 878 2892 puto
903 2822 1103 2877 omittendam.“
1138 2815 1264 2896 Equidem

138 2905 191 2944 non
210 2908 251 2942 uns
268 2907 300 2944 au
321 2909 360 2942 eo.
382 2911 385 2918 ·
611 2899 615 2906 “
934 2931 941 2938 .

213 2963 230 3024 ἓ
247 2961 272 3014 3.
306 2960 507 3026 internaeioum]
533 2959 629 3013 Esuis
646 2958 762 3012 restitnit
786 2959 929 3027 Bongars.,
953 2959 1069 3010 Gronov.
1087 2953 1137 3008 e't
1153 2961 1265 3006 suornm.

124 3027 234 3080 ‘Ceteri
250 3028 325 3080 libri:
344 3029 538 3080 interneciuum.
555 3053 589 3068 -·
615 3030 654 3081 Ab
672 3028 788 3080 hostibus
811 3029 877 3082 euim
901 3027 1016 3095 nudique
1040 3024 1118 3098 cincti
1137 3028 1211 3076 eraut
1228 3020 1266 3074 illi

115 3115 117 3120 ·
142 3095 234 3159 Galli,
252 3113 335 3164 neque
352 3097 481 3148 habehant
499 3114 549 3164 quo
567 3097 747 3165 confugerent.
919 3115 921 3118 ·
1136 3137 1140 3144 .

214 3166 274 3229 §ti-
310 3166 478 3232 centensima]
503 3165 566 3218 Mas.
586 3166 687 3234 limga
711 3166 799 3218 cussa.
821 3191 854 3206 ·-
889 3163 1088 3216 isdemnec
1110 3157 1191 3228 Magi
1208 3175 1265 3212 cum
1296 3173 1300 3180 '

140 3231 237 3304 Frage
255 3235 391 3286 escidium.
416 3225 427 3252 '
652 3252 656 3268 ¹
740 3257 749 3291 ,·
801 3297 804 3302 .
1153 3263 1156 3270 ι
1238 3231 1243 3240 ’

214 3305 274 3366 §7-
297 3303 367 3356 'Boo
391 3300 474 3356 ceteri
497 3301 676 3354 confirmant·
702 3301 800 3365 hreno,
825 3297 1085 3352 Lacedaemoniorum
1108 3297 1179 3361 dux,
1205 3314 1267 3350 con-

146 3376 232 3422 sumto
247 3373 304 3422 iere
322 3369 390 3424 omni
407 3375 546 3424 commeatu
564 3371 676 3424 daunais
694 3371 802 3422 Athenis
819 3368 959 3423 sancitum
977 3367 1097 3432 reduxit,
1115 3367 1148 3420 ad
1167 3367 1282 3435 patriae-

148 3439 290 3507 asusquid
307 3439 433 3508 reliquum
456 3445 527 3491 esset
549 3457 624 3510 opum
648 3433 816 3502 servandum,
840 3455 923 3506 neque
945 3443 1053 3506 propter
1069 3436 1154 3488 socios
1172 3445 1268 3488 temere

149 3505 353 3575 profundendum
371 3514 460 3570 ratns3
477 3508 506 3558 in'
522 3524 552 3559 eo
571 3515 654 3562 autem'
674 3504 759 3560 reditu
777 3508 943 3570 Corinthum,
963 3505 1084 3574 Antigoni
1102 3505 1203 3568 sedern,
1222 3519 1268 3579 per

36 3633 40 3636 ,
110 3591 113 3596 “
148 3576 311 3630 occasionem
325 3577 433 3630 adortus
451 3593 509 3629 esse
525 3577 645 3640 videtur,
669 3578 714 3628 ubi
738 3578 771 3630 ab
794 3575 884 3630 eodem
901 3575 1064 3628 interiectum
1082 3590 1140 3629 esse
1157 3590 1188 3629 ex
1208 3589 1268 3643 pro-

147 3643 209 3713 logo
232 3642 349 3710 constat'3
376 3645 443 3698 adde
468 3646 600 3716 Plutarch.
618 3646 702 3712 rigide
720 3663 743 3698 c.
761 3647 786 3700 3.
813 3645 938 3712 (Pansam
957 3641 1053 3696 Lacon.
1070 3645 1136 3764 Q?
1153 3642 1193 3707 3.)
1228 3639 1269 3694 De

143 3712 297 3768 Ptolemaeo
316 3719 400 3766 numm
418 3713 573 3768 Pausanias:
592 3709 661 3768 etto
678 3711 731 3782 γὰρ
751 3707 798 3766 ἀπ’
818 3707 907 3768 αὐτοῦ
917 3707 1011 3764 ,οὐδὲν
1027 3708 1104 3780 μὲγοῐ
1129 3707 1222 3778 γένιτο
1241 3703 1268 3767 ἐς

145 3781 288 3848 σωτηρίαν
303 3775 469 3850 Ἀθηναίοις.
487 3781 582 3848 (usuc.
601 3786 617 3838 7
634 3785 714 3850 extr.)
750 3783 815 3835 Post
831 3784 922 3834 horum
940 3781 1020 3848 igitur
1037 3782 1178 3833 discessum
1195 3777 1268 3828 Anti·
1302 3827 1304 3836 ,

145 3867 230 3919 genus
247 3851 416 3906 Athenienses
433 3853 534 3905 nemine
551 3847 581 3904 ἐν
599 3855 660 3912 τοῖς
679 3847 843 3918 ὑπαιθρίοις
861 3846 1111 3918 prohibente.acrius
1123 3851 1268 3913 oppugnat=

131 3935 228 3990 ‘qnare
246 3924 300 3972 turn
319 3920 425 3988 primum
442 3922 545 3974 illatum
562 3937 615 3976 assa
631 3921 827 3974 Atheniensibus
843 3921 934 3972 bellum
951 3917 1065 3972 lustinus
1084 3913 1197 3985 putavit:

216 3990 276 4052 §·8.
311 3991 408 4043 maora
424 3989 621 4057 nemphae
638 3991 738 4060 Bongu
767 3991 863 4044 ardore
879 3989 965 4044 tetii
980 3989 1090 4047 bethim
1118 3982 1187 4036 uode
1204 3981 1270 4036 Vos-

145 4054 214 4111 siusr
230 4057 356 4112 bcllmrdri
728 4097 731 4102 r
