2772 4556
354 181 547 307 nrsron.
573 173 965 310 orandinus.
1173 223 1238 288 ua
1311 161 1315 168 ⁴

97 371 275 454 impelleret.
309 369 380 428 Erat
391 369 436 428 hio
446 387 535 428 annos
549 370 647 446 viginti
663 375 760 429 natus:
780 371 810 428 iu
824 389 881 448 qua
893 376 985 434 aetate
996 373 1035 432 ita
1046 373 1219 436 moderaietl
1272 429 1276 434 .

96 461 193 520 dese
204 455 292 517 muita
311 453 451 532 pollicitus
466 460 525 530 est,
546 461 577 512 ut
597 463 746 534 appareret
766 453 848 534 plura
864 475 927 515 eum
942 448 1195 536 experimentis're-

96 562 229 604 seruare.
271 535 474 598 Ma'cedouibus
495 539 695 601 immunitatem
716 546 873 600 cunctarum
893 560 982 601 reram
996 549 1108 622 praeter
1122 543 1236 604 miii-10

98 630 168 688 tiae
182 627 353 686 vacationem
372 623 467 688 dedit:
489 643 545 700 quo
558 627 630 682 facto
644 632 753 684 tanturn
766 625 818 684 sibi
832 627 956 686 favorem
965 629 1087 688 omnium
1100 628 1193 688 ennoi-

74 769 79 776 ,
101 713 193 772 inavit
199 755 210 785 ,
230 716 260 770 ut
271 729 374 788 eorpus
390 709 525 782 hominis,
547 729 605 768 nou
617 710 746 768 virtutem
761 711 836 786 regis
849 716 971 770 mutasse
986 731 1017 773 se
1031 713 1162 774 deuant
1224 769 1230 791 ,

165 830 170 836 -
198 797 233 855 ΙΙ.
260 795 354 855 Prima
374 792 414 850 illi
434 811 498 874 cura
519 800 696 872 paternarum
725 793 919 870 exsequiarum
946 797 1016 868 fuit3
1045 797 1074 855 in
1094 798 1218 876 quibust

104 887 179 943 ante
196 880 288 964 omnia
312 879 406 937 caedis
426 879 551 937 conscios
572 878 760 938 adtumulata
782 879 870 959 patris
896 881 983 939 occidi
1003 882 1093 940 iussit.
1136 882 1221 944 Solia

100 966 268 1026 Alexandro
285 961 494 1045 Lyuoistarum,
516 965 610 1035 fratri,
636 965 777 1042 pepercit,
806 982 919 1022 servans
940 965 1023 1026 ineo
1044 965 1196 1045 auspicium

98 1051 256 1129 dignitatis
276 1067 358 1106 suae:
380 1067 445 1105 nam
459 1067 555 1123 regern
571 1067 632 1106 eum
645 1051 749 1128 primus
762 1047 936 1108 salutaverat.
968 1044 1113 1110 Remulum
1125 1056 1221 1128 quo-3

98 1156 161 1214 que
188 1134 314 1213 imperii,
338 1131 503 1205 Caranum,
532 1135 644 1192 fratrem
668 1153 702 1192 ex
722 1152 841 1195 noverca
868 1143 1051 1214 susceptum,
1077 1137 1195 1196 interfici

99 1220 223 1280 curavit.
265 1219 344 1276 Inter
354 1216 434 1275 initia
448 1217 549 1276 multas
564 1225 662 1293 gentes
683 1217 847 1277 rebellantes
867 1221 1054 1296 cornpesouit;
1075 1221 1221 1282 orientesd

98 1303 256 1366 nonnullas
278 1302 430 1364 seditiones
452 1304 587 1360 exstinxit.
643 1303 750 1370 Quibus
770 1304 852 1362 robus
873 1310 980 1364 erectus
1001 1307 1087 1366 eitato
1106 1307 1221 1382 gradus
1292 1353 1296 1360 .

99 1393 131 1449 in
148 1389 302 1448 Graeciam
315 1385 476 1446 oontendit:
498 1389 544 1446 ubi
557 1381 681 1466 exemplo
697 1387 785 1464 patris
806 1387 970 1448 Corinthum
989 1391 1108 1448 evocatis
1131 1391 1197 1448 civi·

98 1477 215 1542 tatibus
235 1474 293 1531 dux
306 1471 336 1528 in
354 1470 445 1530 iocum
464 1473 521 1530 eins
541 1473 722 1533 substituitur.
773 1469 935 1532 Inchoatum
957 1474 1058 1554 deiude
1079 1493 1098 1532 a
1115 1477 1221 1554 patre6
1328 1459 1333 1470 ’

98 1559 253 1620 Persicum
267 1553 368 1616 udum
388 1558 566 1631 adgreditur:
589 1557 618 1614 iu
638 1559 714 1615 cuius
734 1560 872 1634 apparatu
897 1566 1031 1636 occupato
1050 1559 1221 1618 nuntiatur?

101 1643 282 1708 Athenienses
301 1647 327 1700 et
348 1639 559 1701 Thebanos*
587 1641 621 1701 ab
640 1661 668 1700 eo
683 1640 729 1724 worl
749 1639 847 1700 Persae
867 1639 994 1726 desecatae
1014 1649 1196 1724 auctoremque

174 1766 192 1798 *
215 1760 516 1822 Lacedaemonios

103 1963 534 2040 metumqueAimpellere‘animos.
570 1963 657 2035 Saepo
673 1983 731 2034 spes
748 1965 884 2030 absolute,
909 1968 939 2018 ut
956 1965 1069 2020 Caesar:
1094 1955 1174 2021 iuius
1189 1960 1247 2018 ud-'

105 2045 194 2092 uentu
210 2053 255 2104 spe
271 2034 351 2087 illata
368 2034 492 2086 militibus
510 2037 571 2085 cett.
1034 2081 1036 2085 ,

185 2107 201 2168 S
221 2107 260 2158 tu.
290 2105 414 2169 fauorem
432 2104 544 2154 omnium
562 2103 642 2170 eona]
660 2101 705 2154 Sia
721 2119 772 2154 non
789 2103 868 2155 solum
887 2118 973 2154 omues
990 2099 1085 2164 codd,
1104 2100 1149 2153 sed
1161 2098 1239 2152 Vina.

2 2229 8 2248 ⁶
109 2173 197 2226 etiam
211 2171 308 2226 Bellon.
326 2171 359 2233 V,
377 2173 420 2226 23.
455 2172 497 2224 Ex
522 2189 572 2223 uno
598 2179 683 2222 tamen
700 2171 772 2223 ilied.
790 2177 818 2221 et
834 2169 875 2222 ed.
895 2170 968 2220 Rom.
994 2168 1144 2221 Gronovius
1161 2183 1240 2238 repo-

91 2241 185 2338 ‘suita
201 2247 300 2294 tuntum
315 2242 365 2294 sili
377 2242 483 2306 savaria
500 2242 574 2310 apud
591 2257 677 2319 omnes
695 2239 859 2302 conciliauit
883 2238 953 2308 quod
971 2237 1091 2308 exemplis
1110 2235 1189 2294 etiam
1206 2236 1240 2288 il-

110 2311 220 2434 lum&
236 2377 267 2432 li
296 2379 355 2444 52.
389 2379 541 2431 Alexandro
567 2379 763 2446 Lyncestarum]
790 2377 836 2429 Sic
862 2377 889 2429 h.
905 2375 940 2440 i.,
966 2393 989 2429 c.
1007 2377 1040 2439 7,
1059 2377 1108 2442 §1
1134 2378 1161 2428 et
1179 2372 1240 2436 iiii,

108 2447 163 2512 14,
182 2450 200 2514 δ
220 2447 232 2500 i
259 2447 334 2517 pleno
361 2463 485 2500 consensu
510 2445 585 2499 codd.
604 2464 661 2498 mss.
681 2452 707 2498 et
731 2445 789 2499 edd.
811 2451 871 2504 ante
889 2445 963 2508 tld.;
987 2443 1013 2497 h.
1031 2446 1047 2497 i.
1066 2443 1145 2498 etiam
1162 2443 1240 2514 Vino.

109 2517 182 2570 Beli.
201 2517 233 2579 V,
250 2519 291 2570 22.
327 2515 480 2582 Appellatur
505 2515 605 2584 quidem
629 2516 673 2568 ilie
689 2517 854 2578 Aleaunder,
871 2515 969 2584 Airopi
989 2514 1076 2582 filius,
1103 2516 1241 2582 Lyncestes

110 2585 190 2656 apud
213 2583 329 2638 Curtium
347 2585 412 2646 vlt,
433 2586 463 2648 1,
482 2588 498 2650 5
516 2585 547 2647 5,
571 2601 613 2636 sae
633 2585 739 2646 ius‚-ot
763 2584 834 2653 apud
857 2583 965 2636 niodor.
983 2583 1078 2647 xvii,
1101 2585 1137 2637 32
1161 2589 1188 2634 et
1206 2581 1241 2634 80
1339 2619 1342 2626 -

111 2650 335 2720 Δνγκιστὴς,
363 2653 588 2720 αἱιῃνοεείίενεί
631 2654 752 2721 jaciatis,
777 2652 882 2706 natione
899 2652 1038 2721 superioris
1054 2649 1241 2712 Macedonum

112 2741 142 2776 v.
162 2721 290 2775 noueram
309 2722 343 2774 ad
361 2721 480 2790 Thucyd.
499 2722 540 2784 Π,
558 2725 608 2785 99,
634 2721 719 2792 paullo
739 2721 838 2792 plenius
856 2739 1001 2790 expressum
1020 2738 1063 2790 ap.
1082 2721 1241 2788 Poppaeam,

90 2791 236 2866 ,prolege
259 2790 286 2844 iu
305 2786 427 2857 Thucy-o.
453 2789 509 2845 Vol.
527 2791 559 2842 ii.
584 2809 644 2860 pag.
662 2787 713 2844 417
731 2810 768 2860 sq.
800 2799 825 2844 et
849 2791 1003 2844 iliueileruur
1027 2791 1059 2842 de
1083 2787 1241 2860 Macedonia

109 2881 141 2933 p.
162 2864 196 2916 16
214 2877 252 2930 sq.
287 2860 319 2912 Iu
335 2859 508 2912 Romanorum
526 2859 629 2928 scriptis
645 2859 803 2928 frequentior
821 2866 861 2911 est
880 2861 962 2912 torma
979 2857 1006 2909 iu
1024 2874 1054 2919 e,·
1076 2857 1104 2917 h.
1119 2854 1137 2908 l.
1156 2861 1241 2908 tanen

132 2929 267 2993 auderes,
290 2946 357 2982 unus
379 2929 479 2997 Bong.‚
504 2930 619 2988 nonnulli
643 2929 776 2992 Gronov.,
803 2929 900 2990 Goth..
925 2929 1018 2979 Creo:
1046 2926 1240 2993 Lyncestarum.

110 2951 217 3052 Erimus
233 2997 280 3051 Fr.
302 2997 596 3061 Asuianus,deinde1.
617 2997 660 3050 Fr·
680 2999 798 3050 Gronov.
827 3003 853 3050 et
879 2997 922 3050 aiii
950 2994 1068 3048 certatim
1093 2991 1241 3044 Alexandro

112 3069 258 3136 Lynoielue
275 3065 318 3118 vel
338 3067 481 3134 Lyncestae
500 3074 684 3130 correxerunt3
709 3067 754 3118 sed
772 3067 855 3118 ultera
871 3063 949 3117 lectio
968 3069 994 3114 et
1012 3065 1129 3115 constans
1147 3059 1189 3112 ubi
1209 3077 1243 3112 ua

111 3146 156 3190 est
174 3143 202 3188 et.
219 3143 292 3188 reate
309 3135 403 3216 dudum
422 3135 552 3219 explicata
575 3154 594 3188 a
609 3135 747 3188 Munckero
766 3135 797 3186 ad
815 3137 881 3216 hauc
899 3131 1013 3253 Hzgini:
1042 3131 1165 3184 u'atlta
1182 3077 1242 3182 tio·

110 3221 398 3330 titiant}
412 3202 935 3344 titt?’.tlttrtttdtal,
952 3199 1081 3338 iiiiii
1093 3199 1243 3322 tuitii.

112 3346 263 3412 Lyncestae
275 3339 384 3408 fratri?
406 3358 490 3410 neque
508 3339 552 3393 alii
570 3341 748 3410 explicuerunt
755 3358 763 3404 ;
786 3339 905 3406 intellige
922 3340 1011 3404 fratri
1028 3339 1243 3392 consciorum

113 3411 251 3475 enodis,
269 3429 287 3463 o
302 3409 446 3482 testimonio
464 3410 568 3464 Arriani
587 3429 642 3479 exp.
661 3410 688 3473 Ι,
706 3412 755 3464 25:
777 3397 827 3461 Ἦν
843 3403 894 3475 μὲν
911 3404 946 3475 δὴ
968 3403 983 3462 ὁ
1001 3403 1176 3476 Ἀλέξανδρος
1194 3396 1243 3458 ori-

114 3497 166 3538 τος
182 3473 308 3546 ἀδελφὸς
330 3473 500 3546 Ἡρομένους
522 3477 617 3532 τεκαὶ
638 3475 821 3550 Ἆῤῥαβαίον,
845 3479 903 3532 τῶν
926 3473 1168 3548 ξυνεπιλαβόντων
1191 3475 1245 3544 τῆς

117 3548 226 3616 σφαγῆς
242 3548 295 3616 τῆς
315 3548 470 3601 Φιλίππου.-

187 3633 294 3670 anonas
311 3618 340 3670 ia
358 3619 402 3686 oo]
427 3619 525 3686 Bong„
550 3615 608 3669 coli.
626 3615 672 3679 G.‚
705 3617 799 3686 Prag.r
834 3633 940 3672 seruans
963 3634 1048 3670 rane
1071 3617 1107 3672 in.
1141 3610 1245 3666 Deinde

114 3701 168 3738 non
182 3691 290 3754 praeter
307 3703 401 3738 rnorem
420 3686 512 3739 tustini
529 3703 585 3738 mss.
605 3684 704 3754 aliquot
721 3687 822 3756 Bong.‚
839 3687 921 3742 Dorv.
939 3687 972 3750 ἓ,
991 3683 1086 3752 Gran,
1103 3681 1144 3738 ed.
1156 3684 1244 3736 Rom:

114 3755 253 3823 auspiciu,
271 3754 319 3808 sed
337 3755 436 3820 nuilus,
454 3763 484 3808 nt
501 3755 618 3820 videtur,
638 3755 775 3807 Gronovii.
882 3800 884 3804 .

184 3826 246 3890 §3-
285 3825 515 3893 Caranumse'qq]
536 3841 560 3876 v.
575 3824 607 3876 ud
624 3823 674 3887 lx,
691 3825 718 3888 ⁷,
736 3827 752 3890 §
769 3825 795 3880 3.
811 3853 847 3862 -
864 3823 977 3892 curauit]
996 3824 1077 3879 Belia
1096 3819 1245 3892 imperauit.
1312 3877 1315 3888 ⁶

183 3895 200 3960 5
218 3895 246 3948 7.
281 3893 311 3944 in
329 3894 399 3944 ouius
417 3901 551 3962 apparatu
568 3889 711 3961 occupato]
730 3891 779 3946 imo
798 3893 825 3946 iu
841 3892 915 3946 bellis
932 3900 1023 3950 contra
1042 3893 1165 3954 inroras,
1185 3889 1246 3944 urt-

112 3961 216 4024 iulior,
235 3961 356 4030 illyriae,
376 3963 474 4026 Getas,
491 3963 638 4032 Agrianos,
658 3961 782 4016 Paeones.
1021 4025 1025 4032 Ι

183 4031 250 4084 Art.
269 4038 297 4083 et
317 4029 468 4098 iitelanoo]
484 4031 531 4084 Sic
549 4030 632 4100 prima
649 4027 707 4082 Aid.
725 4048 757 4084 ex
776 4028 897 4084 historiae
915 4029 966 4084 tide
984 4031 1024 4097 (v.
1042 4025 1155 4096 Boua),
1173 4031 1247 4080 etat

113 4098 199 4154 noluit
216 4097 351 4170 seriptum
382 4099 460 4156 naid.
478 4113 581 4166 onnes,
606 4095 707 4154 ueuov.
730 4099 771 4165 V.
782 4099 831 4166 99,
855 4099 950 4156 Gabai.
967 4098 1042 4152 Pers.
1060 4094 1193 4152 Cosmodr.
1211 4093 1245 4158 V,
