2732 4560
171 172 352 260 sus·
525 167 1023 264 rusu11u1=

199 314 338 404 'Aegypti
353 323 505 402 Cleopatra
524 338 605 380 socru
622 325 739 402 pretinm
760 325 851 383 anxilii
865 325 997 382 adsersus
1011 324 1130 383 mtrem
1140 335 1222 384 autum
1233 328 1288 405 pol-

160 411 322 471 =·ulieense.
365 411 424 468 Sed
444 410 509 466 doun
528 407 616 467 aliena
630 408 768 484 adfectat,
791 414 822 466 ut
833 408 942 468 adsolet
955 408 1031 480 sueri,
1053 411 1171 486 propria
1183 429 1233 487 per
1244 411 1286 470 de·

181 509 190 516 ·
213 495 359 553 sectionem
368 491 465 570 Syn'ae
479 493 584 551 amisit:
597 492 733 568 siquidem
748 492 945 552 Antiochenses
957 492 1037 572 primi
1048 494 1121 552 duce
1132 494 1286 573 Tryphone,
1337 538 1338 604 p

213 586 386 638 exsecrantes
400 579 556 654 aperbiam
575 578 666 652 regis,
687 595 760 654 qnae
780 579 991 636 conversatione
1009 576 1162 638 Parthicae
1182 580 1287 639 modah-
1337 643 1338 646 ,

213 664 279 724 tetis
292 661 471 722 intolerabilis
485 665 648 733 statuerat,
665 679 727 720 mox
741 662 875 740 Apameni
886 669 1049 739 ceteraeque
1063 663 1287 732 civitateeexem·

125 786 132 796 ·
176 748 206 818 ,4
213 741 288 828 plum
302 753 414 806 secutae
427 767 479 824 per
497 747 651 805 absentiam
665 748 739 822 regis
754 767 771 805 u
786 747 928 806 Demetrio
941 748 1076 806 defecere
1120 745 1287 808 Ptolemaeus

213 851 341 909 quoque,
364 849 412 890 rex
434 831 583 906 Aegypti,
605 830 732 891 hello-ab
751 833 849 890 eodem
873 831 1001 910 petitus,
1029 850 1091 890 cum
1116 835 1288 909 cognovisset

213 917 409 993 Cleopatram,
435 933 559 974 sororem
579 932 673 988 suam,
700 916 799 992 opibus
820 915 944 994 Aegypti
964 915 1080 974 navibus
1100 915 1241 995 impositis
1257 917 1288 976 ed
1331 918 1334 926 '

212 991 297 1060 tiliain
319 1009 348 1060 et
362 999 533 1058 Demetrium
552 1017 684 1074 generum
704 1001 732 1056 iu
750 1000 858 1075 Syriam
879 1000 1053 1077 pretiugisse,
1078 1001 1208 1060 immittit
1222 1003 1287 1061 iuue-

212 1104 275 1146 uem
291 1085 438 1161 quemdam
453 1083 638 1160 Aegyptium,
651 1083 792 1142 Protarchi
806 1075 986 1160 negotiatoris
1000 1085 1104 1158 filiium,
1120 1085 1170 1162 qui
1180 1105 1286 1164 regua·

187 1167 309 1245 asyriae
327 1169 415 1240 armis„
431 1173 552 1246 peteret:
574 1173 603 1225 et
624 1168 777 1245 composita
796 1169 911 1242 sabula,
940 1170 1019 1248 quasi
1038 1187 1090 1247 per
1112 1171 1286 1248 adoptionem

212 1252 341 1312 Antiochi
353 1255 428 1329 regis
444 1259 569 1330 receptus
590 1253 618 1310 in
633 1252 763 1312 familiam
782 1253 888 1329 regiam
903 1257 992 1326 esset,
1014 1273 1066 1312 nec
1085 1254 1178 1332 Syriis
1198 1275 1285 1334 quern-
1338 1273 1339 1290 ¹

212 1337 278 1418 libet
290 1356 385 1414 regern
397 1337 643 1416 adspernantibus,
665 1356 702 1396 ne
719 1337 852 1396 Demetrii
866 1345 1028 1416 paterentur
1039 1340 1219 1418 superbiam,
1241 1359 1286 1399 nu·

212 1441 275 1482 rnen
288 1422 379 1481 iuueni
391 1422 541 1482 Alexandri
554 1422 704 1501 imponitur
717 1421 871 1499 auxiliaque
888 1423 926 1480 ab
938 1421 1068 1500 Aegypto
1086 1423 1218 1500 ingentia
1229 1425 1286 1484 mit-

188 1511 317 1566 6tuntur.
359 1505 469 1566 Interea
490 1525 588 1583 corpus
611 1505 736 1565 Antiochi
757 1507 895 1565 interlecti
909 1525 927 1564 a
941 1525 1009 1582 rege
1024 1505 1192 1568 Parthorum
1211 1509 1241 1568 in
1252 1510 1287 1586 lo·

212 1589 274 1650 crdo
298 1597 435 1665 argenteo
458 1591 494 1648 ad
513 1589 681 1666 sepulturam
699 1592 732 1647 in
749 1589 857 1677 Syriam
879 1592 1024 1651 remissum
1044 1592 1189 1670 pervenit:
1218 1591 1286 1670 quod

213 1691 274 1732 eum
291 1673 398 1747 ingenti
410 1675 502 1734 studio
520 1674 671 1734 deitatiunu
686 1681 716 1734 et
728 1676 803 1752 regis
817 1675 965 1736 Alexandri
982 1676 1021 1738 ed
1035 1676 1202 1740 firmandam
1215 1677 1286 1738 faba

170 1899 263 1969 detur,
282 1900 359 1972 longe
377 1899 477 1972 pluress
495 1900 649 1972 gessisscutr
666 1899 732 1972 quod
751 1900 818 1956 idem
835 1905 905 1968 eret,
923 1907 952 1956 nt
968 1900 1032 1969 XL,
1049 1905 1083 1972 2,
1102 1905 1120 1972 S
1137 1902 1168 1960 4.
1193 1903 1285 1976 flung:

168 1971 306 2042 mabam
324 1975 337 2026 1
356 1971 389 2025 ei.
407 1975 435 2025 et
451 1971 546 2039 Magis
564 1974 721 2033 euenirscuts
738 1971 811 2024 Leid.
829 1974 861 2025 ts
878 1973 1027 2027 eousisaeut.

240 2043 383 2112 Cleopatra
399 2039 490 2108 soma]
509 2040 576 2094 Redi
592 2041 626 2093 ad
644 2037 801 2105 xxxviii,
815 2044 833 2098 9
849 2039 884 2092 in.
1100 2071 1105 2080 ν

238 2111 298 2176 88.
333 2113 398 2165 duce
418 2111 568 2178 Tryphone]
593 2118 621 2162 at
639 2109 764 2180 Tryphon
786 2109 835 2162 iant
853 2115 914 2162 ante
937 2113 996 2164 ectu
1014 2125 1095 2162 annos
1114 2110 1148 2165 ab
1167 2109 1285 2165 Antiocho

169 2176 260 2232 Sidete
283 2179 382 2234 ocdsus
409 2190 482 2244 erat;
512 2179 627 2232 lustinus
652 2180 753 2246 quidem
771 2177 900 2242 XXXVI,
921 2178 1018 2242 l,-§8
1045 2178 1109 2232 nihil
1134 2178 1200 2232 nisi:
1229 2179 1286 2230 belle

168 2247 301 2311 vinciturs
331 2250 376 2304 sed
395 2248 463 2318 quod
480 2247 591 2300 diximus
610 2254 710 2300 constat
727 2265 759 2300 ex
777 2245 894 2315 Appiano
911 2249 962 2310 68,
992 2245 1092 2316 loseph.
1111 2245 1284 2318 untiqsllffl,

169 2316 202 2380 7,
221 2319 237 2381 5
254 2318 279 2369 2.
314 2315 374 2369 Nisi
391 2316 471 2386 igitur
489 2317 554 2368 alius
573 2317 613 2367 hic
631 2315 756 2386 Tryphon
775 2323 832 2379 est,
851 2316 947 2370 ceteris
964 2332 1014 2369 uon
1032 2316 1202 2380 monuimus,
1221 2331 1285 2368 erru-

76 2421 80 2438 .
132 2405 138 2414 ·
169 2398 222 2436 rere
240 2390 383 2438 statuamus
401 2391 506 2454 oportet
522 2402 538 2436 a
555 2384 682 2452 scriptore
698 2385 876 2447 commissum
894 2402 926 2437 ac
943 2399 1004 2437 sane
1021 2383 1048 2436 ln
1067 2385 1155 2455 priore
1166 2382 1285 2448 seditiosa

165 2449 244 2523 primi
262 2451 412 2505 deiecerant
428 2453 632 2515 Antiochenses;
650 2453 743 2504 deinde
764 2453 830 2506 alise
847 2452 969 2506 cieitatm
995 2453 1121 2522 (loseph.
1139 2454 1222 2519 XIII,
1238 2453 1287 2518 ὅ),

108 2587 110 2592 ¹
169 2526 197 2572 et
214 2520 336 2587 Apameni
354 2521 504 2588 Tryphonis
523 2521 660 2588 populares
678 2528 760 2574 erant.
795 2521 826 2574 ln
841 2522 967 2590 Bongars.
986 2521 1085 2591 aliquot
1103 2522 1180 2576 codd.
1198 2522 1286 2576 dauni

167 2585 362 2657 uerba:.primi
377 2590 402 2642 d.
424 2587 467 2640 Tr.
485 2604 596 2648 erasme
613 2589 681 2641 uude
697 2603 775 2642 unuss
795 2593 855 2643 Ant.
871 2598 979 2660 propter
996 2592 1143 2658 superbiero
1161 2597 1226 2646 cett.
1341 2623 1342 2640 i

122 2717 127 2728 Ι
238 2659 381 2726 Apumrui]
409 2655 454 2708 Sic
471 2657 488 2708 7
506 2657 635 2720 Gronov„
661 2657 739 2710 Goth.
759 2665 836 2727 atque
855 2661 887 2711 al.
923 2659 1024 2726 Bsng.r
1043 2660 1201 2726 Apamauii,
1227 2657 1287 2711 falsa

168 2727 265 2792 formo,
284 2727 326 2779 vel
343 2741 431 2780 errore
449 2725 611 2779 librariorum
629 2731 703 2791 orta,
722 2728 781 2780 dum
799 2730 833 2781 de
851 2729 979 2796 Armeniis
995 2726 1174 2798 similibusque
1190 2727 1287 2797 cofite-

167 2801 239 2860 rent,
257 2796 299 2850 rel
316 2813 348 2848 er
366 2802 427 2850 noto
443 2794 573 2880 scribendi
589 2811 668 2850 mure.

130 2953 133 2960 ,
159 2863 1064 3014 stitutus?i.ttffmt‘tstl'uffsstttl”titisse
1091 2863 1287 2988 {iiiiii

166 3021 227 3057 cere
244 3005 349 3058 volebat
365 3005 449 3070 regis,
478 3001 524 3072 qui
540 3004 692 3067 maiestate,
716 3004 740 3056 si
757 3003 900 3068 adfuisset,
915 3035 917 3044 ι
932 3002 1084 3056 seditionem
1101 3003 1227 3057 cohibere
1244 3017 1288 3073 pe-

167 3072 277 3135 tuisset,
297 3074 449 3126 ubreutium.
946 3100 951 3111 ·

236 3143 292 3206 §b
329 3149 354 3194 et
372 3139 529 3208 compositu]
562 3137 871 3206 erchengerus,
891 3139 985 3204 Orac,
1012 3140 1107 3210 Preg.‚
1122 3139 1247 3194 Vincunt
1264 3143 1288 3190 et

167 3209 328 3262 Gronoviani
351 3208 407 3261 sine
432 3207 510 3260 dubio
535 3224 628 3260 omnes.
674 3209 735 3260 Voc.
754 3217 780 3262 et
804 3209 955 3262 Schellerus
981 3209 1109 3277 expunxit
1132 3208 1289 3264 succutiente

166 3276 242 3339 Ald.‚
259 3295 310 3346 qua
327 3285 435 3332 auctore
452 3277 534 3345 (adde
551 3277 595 3328 lib.
614 3277 711 3344 Goth.)
729 3276 805 3330 hodie
821 3278 859 3331 ita
873 3277 968 3330 editur·
1004 3277 1057 3330 Sed
1075 3276 1126 3330 iaus
1144 3275 1288 3330 Benachius

165 3343 233 3397 uidit
249 3345 403 3414 iungendum
421 3364 479 3400 esse
496 3354 521 3400 et
539 3363 595 3397 curn
614 3362 669 3412 seq.
686 3363 747 3408 seruc,⁸
765 3347 815 3399 huc
832 3346 854 3400 si
873 3345 953 3412 nolis,
979 3345 1068 3417 capias
1085 3363 1119 3400 ex
1136 3363 1168 3400 eo
1185 3363 1234 3400 usu
1250 3343 1288 3398 hi·

166 3412 331 3478 stoncoruru,
349 3433 398 3484 quo
417 3413 589 3468 narrationem
605 3414 706 3484 iungit,
725 3422 755 3468 ut
772 3418 840 3480 iam,
858 3415 928 3469 inde.

235 3483 374 3552 Antiochi]
391 3484 498 3538 sideris.
965 3521 972 3532 .

165 3619 195 3670 Δ
215 3552 394 3674 ¹2Aglsrsruudri]
430 3550 580 3622 cognomine
613 3549 752 3617 Zabinae,
772 3551 853 3622 *quod
877 3549 959 3621 Syris,
983 3549 1116 3620 significat
1139 3559 1234 3609 mun.
1257 3575 1289 3590 ··

223 3689 250 3752 ’5
268 3687 293 3741 6.
326 3692 460 3759 peruasit]
491 3688 536 3741 Sic
554 3689 656 3757 Bong,
686 3687 779 3753 Grac,
803 3689 900 3752 Goth,
929 3687 1138 3742 eGrouorianis
1162 3687 1215 3742 duo
1232 3693 1287 3739 tan·

165 3761 219 3810 tum
236 3755 295 3825 (t),
312 3754 371 3806 edd.
388 3764 452 3811 vett.
487 3757 617 3810 Graevius
635 3771 668 3808 ex
685 3758 751 3811 lunt.
770 3765 919 3827 receperat:
942 3759 1106 3826 superuenit,
1125 3757 1143 3809 i.
1163 3775 1188 3811 e.
1206 3755 1285 3821 ‚sino

164 3823 261 3896 pinato'
273 3823 344 3876 venit
361 3829 388 3876 et
405 3833 597 3896 peropportune
614 3826 640 3877 iu
657 3826 702 3879 illo
720 3827 823 3880 minuo.“
849 3825 902 3879 Sed
919 3841 970 3878 non
987 3841 1051 3893 opus
1068 3825 1119 3878 hac
1136 3826 1285 3884 munusue,

164 3911 221 3947 cum
237 3892 333 3964 respici
350 3893 470 3946 rideatur
494 3894 527 3946 ad
553 3894 709 3958 XXXVlll‚
730 3899 778 3959 lo,
802 3899 884 3964 §102
918 3895 959 3947 cui
984 3893 1132 3947 Pb'rnhntea
1156 3893 1286 3968 essem

164 3965 239 4034 regio
255 3980 326 4017 more
344 3962 414 4028 serit
430 3977 520 4014 socero
538 3977 602 4014 suos
625 3963 657 4016 ad
676 3979 750 4032 quam
767 3965 946 4018 humanitatem
965 3961 1127 4032 pertinebat,
1145 3969 1177 4016 ut
1193 3973 1284 4029 carpus

163 4031 265 4103 patriae
278 4032 408 4088 redderet.
425 4059 460 4070 -
476 4030 605 4094 turon,
621 4033 715 4098 crac,
733 4035 830 4101 Goth„
847 4033 934 4087 Vina:
952 4033 990 4087 ad
1004 4031 1210 4099 emundis
1220 4029 1285 4097 Μ.
