2688 4548
296 159 1002 279 nisuousuamucsr.s.s.''
1119 189 1185 257 ssa
1289 160 1337 178 ”

1 353 5 360 ·
50 341 177 417 propter
192 337 381 406 crudelitatem
396 356 414 399 a
431 343 531 400 senatu
543 338 672 398 Parthico
692 359 781 418 regno
801 339 921 420 peiiitnr.
960 339 1061 400 Frater
1075 340 1167 404 eima

50 423 191 496 Orodes,
213 415 276 482 cum
291 442 408 500 regnum
430 442 530 482 vacam
550 431 727 502 occupasset,
741 420 938 506 Babyloniam,
960 443 1015 502 qno
1030 423 1141 486 Mithri·
1202 457 1208 468 =

49 507 141 566 dates
167 507 346 584 confugerat,
368 508 416 565 diu
431 507 556 580 obsidet3
579 513 607 566 et
622 509 694 568 fame
711 509 864 574 cunctosin
880 507 1047 576 deditionem
1059 510 1141 591 oppi-

48 591 151 652 danos
167 590 314 670 compellit
355 586 532 654 Mithridates
552 597 645 653 autem
664 591 766 652 fiducia
779 593 952 670 cognationis
971 591 1041 652 ultro
1058 611 1089 652 se
1110 593 1166 653 ind

47 680 232 755 potestatem
256 675 359 733 Orodis
379 677 473 736 tradit.
515 676 574 734 Sed
594 677 705 736 Orodes
725 675 786 756 plus
803 673 911 736 hostem
927 696 1011 754 quam
1028 677 1170 737 fratrent

48 758 188 836 cogitans
203 760 232 816 iu
246 766 394 838 conspectu
414 755 465 818 sud
481 759 614 834 trucidari
627 781 690 820 eum
709 762 805 833 iussit;
828 767 942 839 etpost
955 761 1024 820 haec
1041 759 1141 820 balium

48 863 121 906 cum
136 843 271 926 Romanis
285 845 373 920 gessit
387 843 574 922 Crassumque
585 846 855 926 imperatorem'cum
871 845 927 904 filio
949 851 977 906 et
997 845 1072 904 omni
1094 864 1143 904 ex-

49 926 148 990 ercitu
161 927 290 986 Romano
307 928 415 988 delevit
450 928 541 988 Huius
559 921 628 988 filius
641 929 762 990 Pacorus
774 931 873 991 missus
885 931 920 988 ad
935 929 1167 1010 persequendas5

48 1011 180 1071 Romani
194 1010 259 1070 belli
272 1006 404 1088 reliquias
419 1013 528 1090 magnis
541 1014 623 1074 rebus
637 1014 665 1072 iu
679 1014 761 1090 Syria
774 1015 861 1090 gestis
874 1016 902 1072 in
915 1014 1056 1080 Parthiam
1069 1013 1142 1093 patri

50 1101 205 1176 suspectus
218 1102 379 1168 revocatur,
400 1116 456 1172 quo
469 1097 585 1158 absente
597 1097 731 1166 exercitus
742 1097 908 1158 Parthorum
921 1097 1030 1158 relictus
1044 1099 1073 1156 in
1087 1097 1141 1174 Sy-

49 1182 99 1240 ria
120 1179 281 1256 aCassin,
302 1181 587 1258 quaestoreCrassi,
609 1201 671 1241 cum
693 1183 819 1242 omnibus
843 1175 957 1244 ducibus
982 1183 1141 1242 trucidatur.

48 1265 112 1324 His
132 1265 174 1324 ita
195 1264 281 1341 gestis
301 1284 357 1326 uon
377 1283 480 1342 magno
502 1272 568 1345 post
595 1272 721 1344 tempore
740 1257 873 1326 Romanis
900 1268 972 1326 inter
992 1265 1167 1326 caesareus

48 1349 277 1428 Pompeiumque
298 1348 376 1410 civile
404 1349 505 1408 bellum
531 1349 634 1420 oritur:
662 1351 691 1408 in
713 1369 769 1428 quo
792 1350 887 1410 Parthi
909 1349 1141 1427 Pompeianarum

48 1433 180 1512 partium
200 1435 277 1492 suere
301 1440 330 1506 et
342 1439 458 1511 propter
479 1434 625 1493 amicitiam
641 1454 702 1493 cum
720 1433 852 1514 Pompeio
868 1433 939 1492 bello
953 1427 1142 1492 Mithridatico
1247 1441 1257 1456 “

48 1521 180 1577 iunctam
196 1523 225 1576 et
242 1524 357 1596 propter
376 1519 471 1576 Crassi
488 1538 599 1591 necem,
620 1519 697 1577 cuius
716 1517 800 1578 fliium
817 1521 845 1578 in
868 1517 993 1596 partibus
1013 1517 1141 1576 Caesaris

50 1620 122 1664 esse
142 1599 302 1660 audierant:
331 1621 413 1680 quem
433 1601 549 1660 ultorem
571 1604 659 1680 patris
681 1603 783 1663 victore
806 1603 926 1678 Caesare
944 1603 1065 1662 sutanum
1084 1619 1141 1660 non

51 1685 257 1746 deliberabant.
300 1686 398 1770 Itaque
417 1687 492 1748 victis
514 1687 638 1766 partibus
657 1688 833 1765 Pompeianis
850 1694 878 1747 et
897 1686 997 1746 Cassio
1012 1691 1040 1745 et
1053 1687 1166 1744 Bruto?

49 1769 158 1830 auxilia
170 1772 302 1830 adversus
321 1770 478 1848 Augustum
492 1781 521 1830 et
540 1771 691 1830 Antonium
712 1772 825 1844 misere3
846 1777 956 1848 etpost
975 1769 1040 1829 belii
1057 1768 1141 1830 finem
1165 1827 1170 1838 ,

51 1873 165 1913 rursum
182 1850 289 1912 Pacoro
311 1855 381 1915 duce
403 1855 472 1913 inita
492 1875 553 1913 cum
574 1853 701 1914 Labieno
725 1858 856 1916 societate
876 1855 985 1930 Syriam
1000 1861 1029 1912 et
1045 1855 1140 1914 Asiam

50 1944 220 2012 vastarem
244 1945 391 2014 castraque
409 1938 555 2012 Ventidii,
583 1939 631 2016 qui
651 1943 717 2016 post
738 1939 866 1996 Cassium
894 1939 1009 1996 absente
1035 1935 1140 2001 Pacoro

50 2025 208 2084 exercitum
227 2007 385 2080 Parthicum
408 2022 532 2094 fuderat,
553 2040 655 2096 magras
676 2021 749 2080 mole
762 2022 973 2095 adgrediuntur.
1017 2019 1075 2078 Sed
1094 2021 1167 2080 illes

49 2106 189 2167 simulato
208 2107 308 2162 timore
328 2105 375 2161 diu
396 2106 530 2162 continuit
555 2123 587 2162 se
608 2111 638 2184 et
656 2101 788 2163 insultare
805 2103 922 2163 Parthos
943 2103 1143 2182 aliquantisper

48 2209 160 2270 passus
186 2194 238 2247 est.
280 2186 328 2244 Ad
348 2194 519 2266 postremum
543 2189 576 2245 in
589 2205 697 2246 securos
715 2185 859 2265 laetosque
877 2192 986 2266 partem
1004 2185 1142 2264 legionum

49 2273 170 2346 emisit3
192 2290 307 2350 quarum
322 2272 429 2352 impetu
445 2272 499 2331 susi
519 2265 615 2334 Parthi
629 2271 657 2332 in
670 2271 780 2332 diuersa
795 2271 895 2334 abiere.
938 2269 1060 2330 Pacorus
1081 2275 1167 2330 cum9

52 2429 272 2450 W
290 2427 293 2436 ¹

53 2503 177 2588 thridate
200 2531 313 2600 Magno,
346 2547 370 2583 c.
387 2531 421 2594 2,
444 2503 512 2596 έό,
538 2529 635 2583 transit
658 2529 691 2582 ad
717 2529 838 2584 Arsacem
862 2529 986 2584 decimum
1010 2530 1129 2594 tertium,
1155 2537 1183 2584 et

54 2606 145 2671 ipsum
163 2599 324 2653 Mithridatis
342 2599 457 2662 nomine,
475 2599 521 2668 qui
539 2615 563 2653 a.
582 2601 617 2652 60
633 2615 658 2652 a.
676 2597 707 2650 C.
724 2599 858 2670 imperium
874 2599 1060 2668 capessivcrat.
1085 2600 1183 2654 Vitium

55 2668 171 2733 lustini,
195 2686 246 2722 non
264 2668 349 2737 Trogi
366 2683 425 2720 esse
441 2667 555 2721 ostendit
566 2667 725 2720 ‘Vaiilsatius
743 2670 837 2721 Anasi.
858 2686 881 2737 p.
900 2669 935 2722 68
952 2667 1066 2722 addense
1089 2667 1184 2731 „Por-
1283 2731 1287 2736 Ι
1335 2669 1342 2718 ·,

54 2741 128 2793 sitan
145 2739 269 2806 deceptus
285 2736 471 2801 casinatium,
497 2736 565 2804 quod
584 2742 693 2804 uterque
719 2735 885 2788 Mithridates
912 2737 1006 2788 balium
1032 2745 1087 2788 cuni
1106 2737 1184 2789 Arta·

51 2807 169 2870 'vasae,‚
187 2805 362 2859 Armeniorum
380 2821 459 2872 rege,
481 2801 601 2872 gesserit
637 2805 670 2854 At
693 2803 744 2856 duo
773 2811 846 2856 certe
870 2802 945 2854 buius
970 2801 1077 2854 nominis
1094 2805 1202 2855 Arme·

56 2877 121 2930 niae
157 2873 268 2944 rincipes
286 2873 427 2933 exstitere,
445 2885 508 2923 onus
526 2869 652 2937 Tigranis
664 2869 773 2921 iunioris
790 2886 862 2932 arus,
881 2871 947 2923 atter
964 2871 1069 2924 huiusce
1085 2869 1184 2941 Tigra-

58 2947 103 3002 nis
148 2943 215 3013 ‡s.“
249 2941 390 2994 Historiam
408 2937 484 2992 buius
500 2937 626 3009 principis
643 2955 668 2989 v.
687 2937 731 2989 iib.
748 2936 766 2992 Ι.
784 2956 810 3010 p.
828 2942 881 2996 100
902 2953 960 3058 sqtp

130 3013 191 3078 §a
228 3009 342 3077 wodor]
373 3010 502 3076 1Bong.‚
519 3008 613 3061 Geta:
637 3007 774 3068 Heroden
801 3006 870 3059 unde
886 3007 961 3060 Bod.
979 3010 1006 3059 et
1024 3004 1083 3058 edd.
1100 3011 1182 3061 vete:

60 3081 196 3140 Herodes,
221 3095 297 3148 qnam
320 3075 426 3130 nominis
452 3075 660 3145 depravationem
684 3075 762 3128 ctiam
778 3074 805 3127 in
824 3073 934 3128 Graecis
951 3073 1085 3142 corrigunt
1102 3075 1183 3144 Bong.

61 3153 87 3203 h.
106 3149 123 3201 i.
145 3155 172 3200 et
190 3149 306 3202 Gronov.
323 3145 390 3212 ads
410 3149 452 3202 11.
478 3167 514 3184 »-
543 3145 582 3197 Ab
601 3161 624 3198 a
643 3143 686 3198 54.
722 3172 757 3182 -
790 3142 821 3198 In
841 3141 922 3198 Goth.
946 3160 1003 3196 cum
1027 3141 1183 3198 deest'ante

59 3219 145 3274 tussit.
456 3221 459 3230 “

131 3283 309 3350 eramque]
329 3297 352 3334 a·
371 3281 406 3334 53
425 3295 449 3332 a.
467 3279 500 3332 0.
535 3277 598 3332 Loci
615 3295 658 3350 sp.
675 3278 798 3333 Bernecc.

131 3353 192 3422 55.
229 3347 357 3418 Pasarne]
376 3343 517 3415 Hoiuopdc.

130 3424 190 3488 56,
218 3417 325 3488 fliium]
344 3418 381 3486 M,
399 3417 529 3470 Crassum

130 3507 182 3543 aon
200 3484 396 3554 deliberabunt]
422 3485 447 3538 ld
472 3499 531 3538 mss.
557 3481 657 3552 aliquot
681 3479 781 3552 Bongi,
804 3481 949 3556 Pronoea,
976 3481 1056 3540 Dorr.
1073 3487 1092 3544 8
1108 3504 1125 3541 a
1143 3503 1184 3559 pr.

63 3578 111 3622 m,
129 3567 156 3628 et
173 3557 292 3612 6.Gron.
314 3554 479 3624 interpolatis
505 3549 601 3637 primus
624 3551 725 3623 recepit
749 3553 908 3618 Benedici,
933 3571 1011 3612 suasu
1028 3555 1134 3610 Wassei
1150 3557 1184 3610 ad

63 3629 170 3682 Sallust.
205 3623 368 3695 Legebatura
384 3642 436 3675 noa
453 3621 616 3676 dubitabunt.
679 3631 683 3639 ’

131 3694 192 3762 97.
225 3691 334 3814 πύκτῃ
360 3691 390 3742 V.
409 3691 526 3747 Gronov.
543 3707 570 3758 p·
588 3679 648 3746 986.
759 3755 765 3762 ,
1168 3717 1171 3721 -

133 3761 268 3830 masena]
291 3779 308 3830 q
352 3777 368 3813 a
385 3759 466 3813 Bruto
483 3758 516 3812 ad
535 3756 630 3811 auxilia
652 3755 807 3812 arcessenda
830 3758 922 3822 missus
938 3759 1039 3825 iuerat,
1064 3761 1183 3814 sedeam

64 3836 90 3888 in
107 3831 192 3885 reditu
211 3829 353 3884 debellatos
374 3827 504 3896 occisores
526 3825 647 3880 Caesaris
670 3825 705 3878 ad
726 3825 858 3896 Phiiippos
876 3828 1051 3900 percepisset,
1074 3828 1100 3881 in
1118 3827 1184 3880 Par·

64 3903 121 3955 thos
138 3915 258 3952 reversus
278 3905 328 3950 est.
362 3895 403 3950 lbi
420 3901 553 3966 comperta
570 3893 676 3947 Antonii
693 3893 794 3948 desidia
811 3903 901 3952 auctor
917 3897 975 3966 regi
993 3897 1066 3960 tuta„
1082 3903 1112 3946 ut
1126 3893 1184 3947 bei-

64 3967 322 4038 iuminciperet-
347 3959 461 4020 Lcc'ide
482 3963 617 4019 belisiam
641 3961 780 4036 incipiente
803 3980 829 4022 v.
850 3982 893 4036 ap.
912 3961 1121 4028 Pernecmads
1141 3964 1183 4020 10.
1227 3993 1232 4002 =
1286 3957 1289 3968 '

67 4039 161 4092 maai.
180 4033 237 4091 Ars.
255 4051 280 4106 p.
301 4033 352 4120 130
368 4049 425 4104 sqq.
498 4081 503 4088 ,
