2800 4552
151 171 215 234 aon
300 113 382 192 Ὗ
513 121 974 250 ruslurnu

194 321 303 382 lationis
325 336 358 380 ex
376 303 534 378 iuhrmit'ate
551 313 648 376 virihm
667 318 746 390 reaia
768 322 858 404 emet,
874 307 1011 394 -quinque
1035 315 1119 376 millia
1130 319 1277 397 pedum,

194 407 316 483 equitnm
329 410 448 480 quatuor
459 401 560 478 millia,
579 401 742 481 elephantos
756 403 957 480 quinquaginta
976 407 1035 459 adn
1048 402 1176 480 amplius
1191 420 1280 481 quam

153 498 186 552 15
195 492 225 549 iu
243 491 345 550 biennii
360 507 437 546 nsum
456 488 542 552 dedit.
577 471 624 546 05
638 487 707 545 haee
720 487 839 562 Pyrrhus
853 487 908 558 filia
921 485 1073 545 Ptolemaei
1089 485 1118 548 in
1131 489 1278 548 meime-

194 576 269 632 nium
284 581 396 650 accepta
413 573 547 631 vindicem
564 591 626 631 eum
641 572 720 646 regui
734 571 860 646 reliquii,
882 569 1054 649 [pacificatus
1067 589 1131 651 cnm
1148 574 1276 632 omuibus

195 655 344 736 fiattimis,]
368 675 404 716 ne
418 657 536 716 abducta
549 657 578 714 in
592 656 698 714 ltaliam
714 656 854 738 inventute
870 656 1004 736 praedam
1018 654 1146 735 hostibus
1157 677 1277 740 ταςααω

112 799 115 807 .
170 743 368 819 =relinqueret.
499 801 501 806 ,
733 799 735 804 ,
958 761 960 768 ⁴
1169 785 1176 792 .

171 835 185 886 1
279 827 327 886 lll.
350 825 408 884 Sed
422 826 552 901 quoniam
568 826 606 884 ad
620 823 697 903 Epiri
715 823 883 882 mentionem
902 829 1014 884 ventum
1027 819 1088 898 est,
1107 824 1148 884 de
1160 826 1278 902 origine

59 965 66 974 ,
169 912 276 989 eregii
299 912 356 970 eius
385 929 474 988 pauca
494 910 635 967 sananda
650 914 733 968 ,sunt
781 907 968 966 Molossorum
991 909 1157 986 primum'in
1178 927 1212 970 ea
1230 929 1278 971 re·

170 997 279 1074 igione
299 1012 416 1069 regnum
436 995 497 1052 fuit
533 993 610 1052 -Post
633 993 768 1068 Pyrrhus,
791 989 900 1051 Achillis
923 991 1009 1066 filius,
1032 993 1133 1052 amisso
1151 1011 1202 1071 per
1221 995 1277 1054 ab·

161 1161 163 1168 y
195 1083 310 1141 senham
332 1078 460 1138 Troianis
481 1077 654 1158 temporibus
675 1083 795 1158 paterno
815 1095 903 1160 reguo
923 1077 953 1135 in
974 1077 1017 1136 his
1040 1076 1108 1138 loch
1130 1078 1277 1140 consedit:

222 1286 335 1356 equitum
352 1295 465 1356 quatuos
481 1287 554 1350 arith,
572 1287 724 1356 elephantos
740 1281 944 1356 auinquaginta]
961 1281 1209 1355 Harumcopiaram
1226 1301 1277 1338 aa·

125 1369 237 1414 ⁸1nerus
255 1353 277 1407 si
294 1371 372 1409 verns
389 1356 520 1422 retertur,
544 1364 643 1424 partem
666 1371 753 1408 earum
776 1353 826 1424 alio
850 1353 948 1417 misisse
967 1353 1092 1422 Pyrrham
1111 1369 1219 1407 necesse
1235 1360 1278 1408 est

152 1443 228 1496 qaam
245 1425 273 1477 in
291 1425 407 1492 ltaliam,
440 1425 485 1478 abi
509 1443 565 1482 cnm
584 1425 666 1488 tribas
688 1430 785 1476 tanturn
810 1420 921 1475 millibus
939 1423 1054 1490 equitnm
1078 1422 1118 1490 (v.
1140 1421 1273 1480 Plutarch.

97 1549 100 1556 ,
153 1512 180 1564 p.
200 1493 332 1562 ³91‚rt)
358 1502 386 1547 et
402 1494 502 1563 viginti
517 1493 663 1562 elephantis
682 1493 764 1560 (teste
781 1491 899 1560 Zonara)
916 1489 1037 1542 advenite
1056 1497 1090 1544 et
1106 1489 1153 1544 hos
1172 1485 1291 1560 quidem*

154 1562 307 1630 elephantos
324 1561 428 1617 eosdem
445 1579 502 1616 esse
517 1569 607 1616 censet
623 1566 655 1614 A.
677 1563 709 1613 G.
727 1561 861 1630 schegal,
880 1575 945 1630 quos
962 1559 1093 1624 Demetrio
1110 1559 1276 1614 Poliorcetes

83 1689 88 1703 ,
152 1631 286 1754 ihspnpugnep
308 1630 456 1750 epiprperat,
474 1629 668 1750 ·l'¹{'3lll,l⁹1⁰}¹·¹
696 1623 926 1750 aVPtlolpmaeo¹gp
947 1644 1018 1715 nsum
1035 1643 1189 1694 cantemas
1214 1627 1276 1686 vide

206 1713 253 1750 αα·
337 1714 500 1750 consuesse
543 1715 696 1750 s.osea
738 1715 771 1752 o.
804 1734 854 1751 ..
926 1735 930 1746 .

191 1786 195 1790 ·
221 1715 317 1830 §tblp
334 1765 385 1818 Hic
407 1765 519 1819 lustinus
542 1767 635 1818 iterum
654 1763 793 1834 indiligens
818 1714 869 1817 sapit
886 1765 912 1816 in
930 1761 1015 1832 'I'rogi
1041 1763 1192 1818 narratione
1214 1765 1276 1820 red·

153 1834 246 1888 denda.
282 1833 459 1888 Ptolemaeum
481 1835 559 1888 hlium
584 1835 658 1902 regni
681 1833 811 1887 custodem
829 1830 935 1902 reliquit
957 1833 999 1900 (v.
1019 1830 1126 1898 XVIII,
1144 1837 1176 1900 1,
1197 1835 1275 1901 Ν),

152 1908 298 1972 susceptam
315 1919 348 1956 err
364 1905 513 1974 Antigone„
529 1904 584 1958 tilia
601 1902 743 1957 Ptolemaei
762 1902 944 1969 Philadelphi,
961 1918 1011 1954 non
1029 1902 1158 1966 Cerauni,
1183 1907 1214 1956 ut
1230 1903 1276 1956 lu-

152 1973 238 2026 stinus
255 1971 366 2025 voluisse
383 1973 503 2036 videtur,
519 1987 603 2041 enque
620 1972 741 2042 privigna
757 1989 790 2024 ex
808 1967 937 2039 Phhippo,
961 1969 1049 2040 priore
1065 1971 1205 2026 Berenices
1222 1988 1278 2024 ma-

152 2042 202 2096 tris
219 2041 328 2105 maritos
344 2060 371 2098 r.
387 2033 563 2096 eleemona.
582 2040 600 2095 4
622 2051 688 2093 extr.
723 2039 866 2093 Praetores
890 2045 951 2092 aute
971 2038 1116 2108 quindecim
1138 2047 1166 2094 et
1189 2039 1278 2111 plures

153 2127 250 2175 annos,
275 2127 326 2166 non
343 2117 397 2179 tum
415 2110 523 2180 primurn
542 2109 659 2180 Pyrrhus
676 2108 821 2178 Antigonen
841 2108 956 2164 duxerat·

221 2181 297 2246 eum]
315 2179 490 2233 Ptolemaeum
509 2178 671 2240 Ceraunum3
689 2177 742 2229 sed
754 2181 842 2239 erret;
858 2193 885 2229 v.
904 2174 1008 2240 XVIII,
1027 2177 1058 2240 1,
1075 2178 1092 2240 S
1109 2178 1136 2232 a

222 2248 396 2316 [pacificatus
413 2265 435 2300 e.
453 2266 477 2300 o.
490 2250 528 2316 s.]
559 2246 604 2314 Sic
627 2245 702 2298 codd.
727 2243 826 2308 Maelii,
854 2245 1039 2307 ilaGronov„
1062 2245 1164 2310 Goth,
1188 2245 1277 2311 Grae„

152 2317 249 2383 ng„
268 2315 327 2378 edd.
344 2321 428 2378 vetas
458 2317 504 2367 sed
524 2315 618 2367 nullum
636 2330 722 2366 eorum
740 2313 877 2381 vestigium
899 2313 1032 2382 reperitur
1046 2311 1074 2365 in
1091 2313 1278 2383 Bougarsianis

154 2384 197 2436 vel
214 2382 288 2438 codd.
306 2383 349 2435 vel
365 2383 426 2438 edd.
447 2381 574 2435 vetustiss
591 2390 663 2434 recte
681 2390 708 2434 et
725 2384 854 2448 genesim,
872 2387 902 2434 nt
918 2389 1044 2450 apparet,
1056 2387 1179 2450 qnantum
1197 2383 1275 2466 equi-
1311 2439 1316 2446 ,

152 2450 321 2514 homoidon,
339 2467 371 2502 ex
389 2467 454 2502 voce
471 2451 614 2512 vindicem,
639 2467 708 2519 quae
726 2449 835 2502 adiectis
858 2449 915 2504 istis
932 2451 959 2503 vi
977 2461 1023 2502 sna
1041 2459 1132 2514 earet;
1153 2467 1279 2518 qaocmoa

152 2527 237 2602 nutem
253 2517 412 2572 inseruerint
434 2533 466 2570 ea
484 2519 564 2570 verbe
582 2526 609 2602 ep
627 2534 674 2570 cur
686 2518 844 2571 'necessaria
869 2518 1088 2584 existimaverint,
1114 2519 1194 2573 facile
1215 2537 1278 2592 per·

152 2595 318 2709 sprerttppffl.
344 2657 361 2722 S
379 2657 404 2710 2.
438 2655 499 2708 Non
517 2653 600 2708 audeo
625 2635 652 2708 Ιι.ἱ
669 2654 686 2708 l.
706 2671 763 2708 oum
782 2653 884 2710 editore
900 2655 1064 2726 Theopompi
1082 2673 1107 2726 p.
1126 2654 1180 2712 tto
1196 2656 1276 2712 Iasti-

152 2745 209 2814 num
226 2723 511 2848 erlrosiseouvippaeres
527 2724 670 2847 sostrippprlat
687 2723 789 2845 quidferp
805 2725 1195 2846 Thpopompupllpirotiearum
1209 2743 1277 2810 gen—

151 2807 431 2934 {tristitiis
456 2809 896 2939 lilimeilii‘rliiei?
912 2791 1277 2928 satientatis:

151 2937 203 2988 Sed
223 2933 328 3004 Trogus
346 2931 435 3004 quidni
452 2931 557 2984 oliorum
582 2932 697 3014 exemplo
720 2947 736 2983 a
754 2930 874 2982 Molossis
891 2929 1043 3000 inciperet?
1073 2931 1150 2987 Geni.
1172 2931 1276 3000 mythos

150 3005 279 3060 indicatos
297 3001 435 3055 Plutarcho
455 3001 547 3068 Pyrrh.
566 3004 598 3064 1,
626 2997 820 3084 qurvconeiliari
838 3005 888 3052 non
902 3007 1016 3068 ‘possunt
1033 3016 1089 3052 anm
1108 3015 1196 3052 aarum
1212 3015 1274 3052 nar—

151 3073 264 3137 ratione,
283 3069 499 3142 qulbus-Molossi
518 3069 643 3138 nPyrrhr
659 3067 713 3120 filio
731 3067 844 3120 Molosso
859 3085 952 3121 nornen
970 3075 1132 3134 acceperunt
1168 3069 1275 3121 Plutar-

151 3142 216 3192 ohns
240 3157 344 3208 quoque
369 3146 458 3193 nostro
478 3135 534 3190 loco
561 3135 743 3190 convenienter
766 3142 856 3190 narrat
885 3133 1000 3208 χρόνῳ
1026 3134 1275 3205 dorsone-(post

152 3205 319 3274 Phaethontis
337 3225 443 3276 reguum
460 3207 487 3260 in
505 3206 626 3260 Molossis
648 3207 690 3258 vel
707 3205 886 3258 Deucalionem
903 3213 931 3258 et
948 3205 968 3258 P
1002 3205 1074 3260 rham
1090 3205 1187 3258 ibidem
1204 3205 1275 3258 desi-

151 3275 255 3341 dentes)
277 3275 336 3328 Neo
357 3276 475 3328 tolemnm
499 3275 535 3327 ibl
562 3275 707 3329 consedisse
727 3270 776 3326 sal
801 3271 936 3342 διαδοχὴν
961 3221 1096 3348 AEaoldoa
1113 3268 1164 3344 ἀφ’
1183 3269 1273 3326 αὐτοῦ

150 3343 311 3396 καταλιπεῖν
334 3293 535 3412 lieddldom
558 3338 798 3409 ἐπικαλουμένους.
834 3343 979 3396 Secundam
1003 3343 1050 3396 hos
1067 3340 1149 3409 igitar
1166 3359 1275 3411 regnam

151 3411 193 3463 vel
209 3409 369 3480 principatus
387 3412 461 3482 Epiri
478 3413 586 3481 primum
611 3427 689 3482 penes
712 3411 837 3464 Molossos
862 3417 936 3474 erat3
971 3411 1065 3463 deiude
1086 3411 1147 3464 Neo
1166 3411 1275 3464 tolemas

150 3479 320 3534 Molossorum
336 3480 469 3549 imperium
487 3481 596 3549 adeptus
613 3487 713 3534 auctum
731 3477 834 3546 reliquit
852 3479 963 3548 posteris
981 3427 1191 3548 salstrrhr'Iis,
1205 3495 1275 3548 qaae

150 3547 322 3603 Iamiliacnm
341 3547 536 3617 quatuordecim
555 3549 630 3616 Epiri
648 3555 739 3617 gentes
756 3547 873 3615 adeoque
893 3553 973 3602 totam
990 3548 1098 3619 Epirum
1116 3549 1274 3617 subegisset,

72 3645 78 3655 ·
150 3619 278 3686 Epirotae
294 3623 389 3738 sopato
400 3624 448 3670 est
472 3617 540 3670 Nam
558 3618 592 3670 ad
609 3633 700 3685 regum
715 3613 838 3668 familiam
855 3617 919 3670 haec
936 3619 1015 3670 verba
1026 3615 1118 3670 lustiui
1135 3615 1275 3670 referenda

151 3702 240 3742 esses
279 3702 324 3739 ere

220 3702 279 3822 §pp
316 3751 437 3807 Ihoianis
458 3753 630 3822 temporibus]
664 3753 739 3806 llaec
762 3751 843 3805 verba
873 3753 945 3806 nucis
970 3747 1075 3807 inclusit
1102 3739 1273 3822 Bongarsilrs,

66 3861 70 3870 ι
151 3834 181 3879 ut
197 3825 224 3878 iu
240 3841 291 3877 uuo
315 3827 414 3875 tautam
436 3821 553 3876 alterove
576 3823 722 3876 recentiore
745 3817 859 3875 Inventa.
894 3823 1000 3892 Reliqui
1022 3837 1109 3877 omnes
1133 3837 1298 3892 amaosoere.

108 3935 112 3944 “
151 3893 327 4032 videffim
344 3955 442 4026 regno]
474 3953 569 4008 Phthia
594 3955 766 4019 Thessaliae,
798 3956 843 4008 nbi
858 3956 951 4010 Peleus
969 3973 1032 4009 arus
1056 3964 1084 4012 et
1101 3952 1216 4012 Achillea
1232 3975 1276 4013 re·

150 4038 305 4102 gaaversnt.
