2732 4560
34 237 37 249 .
144 185 209 251 aro
331 243 334 246 ,
511 180 917 258 ansuini

163 335 262 412 aegit3
283 337 314 394 et
332 333 453 410 graviter
474 335 592 395 fractam
611 333 694 400 velut
704 352 873 416 exsanguem
894 335 1028 412 taragna
1043 333 1166 412 reliquit.
1209 337 1278 400 Sed

189 415 318 480 libertate
336 417 475 480 Graeciae
491 420 619 484 restitute
638 419 817 496 deductisque
834 421 870 478 ab
888 417 1002 480 urbibus
1015 421 1184 496 praesidiis,
1204 441 1276 484 etim

189 503 331 562 Romanus
352 503 484 564 marsitas
501 504 530 560 in
550 503 655 582 ltaliam
670 509 831 581 reportatus
847 509 939 576 earet,
971 503 1048 564 velut
1068 523 1158 568 vaona
1174 525 1274 566 narsus

167 587 368 666 tposseasione
384 587 558 660 sollicitatus,
572 587 670 646 multas
687 589 811 661 ciuitates
824 590 968 665 repentino
982 589 1055 656 bello
1067 588 1179 653 invasit
1199 590 1275 659 Qui·

135 701 138 704 ·
191 673 243 730 bus
258 671 339 744 rebus
352 673 471 734 exterriti
484 671 600 748 Achaei,
621 692 658 732 ne
678 674 795 734 vicinum
805 694 807 698 ’
816 671 919 736 maium
939 673 1022 734 etium
1037 675 1074 732 ad
1088 693 1121 735 se
1136 680 1273 752 serperet,

101 785 103 790 ·
194 755 293 816 bellum
309 756 440 816 adversus
456 753 594 818 Nabidem
611 759 761 819 decernam
775 758 929 833 deamque
940 763 1098 834 praetorem
1109 777 1189 818 suam
1201 757 1272 818 Phi-

136 903 137 912 ¹
167 839 403 917 tlopoenienem,
427 841 542 916 insignis
562 843 715 902 industriae
737 841 846 914 virum,
877 843 1060 912 constituunt:
1088 843 1166 905 anius
1187 843 1219 902 in
1237 861 1274 904 eo

193 923 263 983 bello
277 931 354 984 tanta
369 926 454 985 virtus
471 927 585 998 enituit,
606 932 641 986 ut
652 925 783 1006 opinione
802 925 926 1000 omnium,
944 925 1119 1002 Flaminino,
1140 927 1275 992 Romano

193 1010 369 1094 imperatori,
391 1016 605 1090 compararetur.

168 1101 187 1154 5
280 1093 387 1153 Eodem
400 1093 525 1170 tempore
540 1093 695 1166 Hannibal,
711 1110 772 1152 eum
784 1093 821 1152 ed
833 1091 998 1154 Antiochum
1012 1095 1200 1176 perveniebat,
1214 1057 1277 1156 vei·

169 1183 227 1238 eut
241 1177 354 1238 deorum
374 1197 473 1236 munus
497 1179 646 1258 excipitur,
670 1184 822 1256 tentusque
846 1181 904 1238 eius
925 1181 1049 1262 adtenta
1066 1181 1152 1238 ardor
1172 1180 1274 1240 mimia

33 1275 39 1282 ·
156 1265 170 1318 J
194 1261 269 1338 regis
284 1263 418 1336 accessit,
439 1267 470 1320 ut
484 1281 541 1324 noa
554 1271 613 1322 tam
627 1264 663 1322 de
676 1263 748 1322 bello
759 1282 842 1338 quam
856 1265 893 1326 de
903 1264 1033 1342 praemiis
1047 1265 1180 1325 naariae
1193 1265 1276 1342 eogi-

98 1391 102 1398 .
157 1351 275 1406 *iteret
317 1346 376 1406 Sed
395 1341 552 1422 Hannibal,
572 1349 615 1406 eni
635 1352 703 1406 nota
725 1347 854 1406 Romana
872 1350 959 1406 virtus
983 1354 1059 1422 erat,-
1080 1347 1206 1426 negabat
1226 1369 1276 1426 op·

115 1493 118 1500 ,
171 1437 188 1490 8
191 1433 277 1510 primi
288 1429 439 1506 Romanos,
460 1435 516 1492 nisi
529 1435 557 1490 in
572 1429 678 1506 Italia,
697 1449 780 1509 posse.
822 1431 867 1492 Ad
882 1432 934 1490 hoe
954 1433 1005 1492 sibi
1019 1439 1130 1500 eentum
1142 1451 1232 1492 nerea
1247 1437 1277 1492 et

197 1519 292 1576 decem
312 1515 394 1576 miliia
411 1519 534 1594 peditum
556 1523 586 1575 et
607 1517 679 1578 mille
703 1518 827 1600 equitum
853 1517 1006 1594 poscebat,
1036 1518 1201 1593 promittens
1224 1516 1277 1576 im

172 1602 277 1658 9munn
290 1619 341 1657 non
360 1603 446 1656 minas
458 1601 569 1673 betium,
592 1619 671 1678 qaam
693 1604 817 1674 gesserit,
838 1599 939 1660 italiae
955 1606 1184 1668 restauraturum
1204 1607 1234 1662 et
1248 1603 1278 1660 in

120 1699 124 1710 ·
199 1682 292 1741 Asiam
308 1686 367 1758 regi
382 1683 482 1742 sedenti
493 1691 542 1742 aut
556 1686 697 1742 uictoriam
714 1683 745 1741 de
754 1684 885 1749 Romanis
906 1691 955 1744 ant
974 1697 1074 1762 aegeas
1087 1687 1166 1761 paeri
1183 1683 1276 1744 corid-

158 1770 283 1826 10tiones
295 1767 454 1828 relaturam:
478 1773 571 1846 qnippe
584 1775 610 1826 et
624 1767 756 1844 Hispanas
779 1769 845 1829 beiie
857 1770 1044 1848 flagrantibus
1059 1769 1154 1830 dasem
1168 1775 1278 1828 tentum

199 1851 300 1922 deesse,·
321 1858 347 1910 et
359 1849 471 1911 Italiam
483 1856 606 1911 notiorem
620 1853 672 1910 sibi
683 1871 752 1910 nune
765 1855 846 1930 paam
856 1854 959 1930 pridem
966 1855 1069 1930 fuisse:
1089 1853 1135 1912 sed
1147 1873 1193 1914 neo
1207 1852 1278 1914 Cer·

125 1957 128 1960 ·
199 1935 333 2014 idaginem
347 1941 495 2016 quieturam
508 1941 656 2018 sociamque
666 1955 692 1994 se
710 1940 802 1996 siriae
816 1954 888 1996 mna
895 1939 1087 2016 praebituram.
1109 1983 1115 1992 .

158 2063 366 2074 ισ--ι-ο-ι-

227 2120 323 2176 0111.
341 2124 359 2186 ς
377 2123 400 2176 1.
436 2127 462 2174 et
479 2118 612 2190 grauiter]
637 2117 703 2174 Mas.
720 2119 818 2187 Bong„
834 2119 852 2174 5
870 2119 973 2185 Gran,
987 2119 1079 2182 aaut..
1103 2117 1187 2178 Dara.
1204 2127 1233 2174 1.
1250 2119 1276 2184 8,

139 2191 255 2244 .Goth.=
273 2197 299 2242 et
318 2191 457 2260 grauidae:
476 2196 536 2258 post
553 2187 621 2258 quod
639 2187 775 2256 distinguit
791 2189 949 2253 Sehefferoa,
962 2194 991 2241 ut
1007 2189 1136 2240 referatur
1153 2187 1187 2240 ad
1198 2205 1277 2255 proo-

159 2261 215 2322 tte,
242 2259 285 2312 cui
302 2257 407 2310 subiicit
423 2274 489 2310 unus
506 2257 648 2324 Bongera.;
681 2257 836 2326 Wopkens.=
854 2257 969 2310 eiadidas
980 2259 1107 2324 frustum.
1144 2257 1277 2324 lssong.=

158 2326 283 2395 gravibus
310 2327 516 2380 uolneribus
541 2328 602 2392 sne
642 2324 714 2380 Med.
737 2324 768 2380 ir
798 2327 974 2396 grauitasque
1005 2325 1106 2394 posia
1138 2325 1278 2395 iegibus
1316 2330 1322 2336 '

35 2461 39 2479 ι
95 2429 100 2448 .
156 2397 281 2458 fractam.
560 2419 563 2438 ι

229 2463 287 2542 52.
322 2461 436 2526 inuasit]
462 2459 590 2515 excitatus
613 2451 647 2514 ab
671 2458 768 2519 Aetolis
794 2459 871 2528 (Liv.
885 2459 1000 2524 XXXV,
1019 2461 1053 2514 la
1068 2459 1141 2530 aq),
1168 2476 1279 2530 quorun

160 2525 213 2582 odii
230 2543 257 2580 ιιι
275 2527 402 2578 Romanos
420 2543 509 2578 causas
528 2527 634 2595 exponit
651 2528 714 2584 Chr.
731 2527 816 2582 Lucas
834 2543 860 2598 p.
879 2531 930 2582 130
944 2546 985 2598 aq.

228 2596 289 2660 53.
323 2595 451 2660 uicinam]
476 2593 608 2649 3Gran.s
631 2596 759 2657 uicinaier
790 2615 816 2650 v.
835 2616 861 2667 p.
876 2593 935 2651 940.
971 2596 1080 2651 Aetnaeis
1097 2595 1281 2650 maritimorum

90 2684 93 2694 ¹
161 2663 305 2784 hamnupu,
322 2677 388 2783 qpoa
405 2661 455 2716 iam
472 2663 674 2734 aggrediebatur
690 2665 791 2730 Nabis,
814 2666 966 2722 tuendorum
983 2683 1001 2719 a
1018 2665 1140 2730 Quinotio
1157 2681 1223 2720 eura
1240 2665 1283 2718 in·

160 2735 247 2788 iuneta
276 2747 337 2784 uera

229 2803 318 2868 mam]
337 2799 428 2854 Omitt.
445 2815 504 2854 mss.
522 2801 606 2870 Bong·
1042 2812 1044 2818 ’

103 2932 106 2937 ,
230 2869 289 2936 §a
325 2869 414 2924 Livius
431 2869 546 2933 XXXV,
563 2873 599 2924 30
615 2873 696 2924 estne
722 2897 753 2910 -
771 2871 939 2940 aeprsantibas
954 2869 1284 2941 eara(Phiiopoemeneu1)

160 2941 352 3010 gioria-reram
369 2939 480 2992 Arborio
504 2941 655 3008 imperatori
673 2941 790 2992 Romano
808 2947 850 3003 et,
873 2942 942 3010 quod
960 2941 1283 2998 numerumnunerum

162 3011 301 3071 attineret,
317 3008 524 3076 praeferentibus
541 3009 627 3060 etiam.
663 3007 736 3073 Adde
754 3009 881 3075 Bongara.

181 3131 185 3141 ,
230 3081 290 3144 §8-
328 3077 414 3130 decem
430 3077 529 3142 miliia]
546 3076 652 3130 Livius:
669 3078 799 3137 sederimr
817 3078 856 3130 de
873 3093 923 3146 quo
940 3093 967 3128 r.
982 3075 1109 3132 Glareans

162 3193 166 3196 .
231 3147 302 3200 mide
318 3145 447 3214 equitem]
471 3143 512 3198 Ita
529 3145 603 3198 codd.
614 3143 707 3214 ‘Bong
723 3145 901 3228 „plerique“.
918 3147 935 3200 8
953 3145 1051 3204 Gran..
1069 3144 1177 3210 Duisb„
1194 3143 1282 3208 Bou„

164 3209 222 3268 eall.
240 3211 271 3264 C.
290 3213 337 3278 C.',
364 3213 457 3265 Goth.r
479 3213 546 3282 quod
570 3212 710 3265 defendunt
733 3215 831 3265 laudati
849 3231 865 3264 o
882 3211 965 3267 Grau.
982 3231 1009 3282 p.
1028 3211 1078 3268 941
1096 3220 1125 3266 ot
1144 3213 1283 3268 Beneokio.

163 3308 198 3320 -
217 3281 282 3334 Cod.
300 3281 426 3334 uenerint:
440 3283 498 3334 tria
512 3283 596 3336 miliia
611 3283 738 3350 equitum,
763 3289 854 3352 upana
870 3281 1003 3348 historiam
1020 3288 1047 3334 et
1064 3281 1283 3352 probabilitatem.

142 3377 146 3384 ·
232 3351 356 3420 gesserit]
375 3351 441 3405 Call.
459 3346 510 3406 N.:
527 3357 654 3420 gesserat.

165 3485 190 3539 d·
207 3417 455 3538 trestauraturum]
479 3419 563 3490 Vulgo
582 3435 614 3472 ex
630 3415 689 3476 edd.
707 3419 808 3488 aliquot
823 3424 905 3472 vett:
929 3418 1056 3482 instaur„
1084 3415 1118 3470 de
1134 3433 1186 3488 quo
1201 3433 1285 3488 supra

183 3505 208 3540 ue
221 3503 268 3540 um.
332 3513 334 3518 ·

66 3595 68 3602 -
233 3557 294 3620 §90
327 3558 355 3608 in
374 3556 479 3626 Asiam]
506 3555 565 3608 Hoo
582 3571 669 3608 verunt
688 3572 745 3608 esse
763 3571 804 3608 reo
821 3552 943 3610 subtilius
958 3553 1091 3623 pensitato
1105 3551 1221 3612 docebit.
1243 3553 1284 3608 Iti

161 3621 241 3676 etiarn
259 3621 504 3678 Seideustueckerus
520 3641 546 3692 p.
563 3625 589 3678 7.
624 3627 655 3678 11
675 3625 807 3684 (ironam,
824 3625 843 3680 3
859 3641 902 3692 ap.
919 3623 1033 3691 Wopk„
1051 3622 1148 3678 (torna
1167 3621 1195 3674 in
1208 3623 1285 3686 Asia,

166 3701 195 3746 ut
211 3691 267 3746 ald.
286 3699 313 3743 at
329 3691 351 3747 Ι.
368 3693 413 3750 Fr.
430 3693 588 3746 Gronovius.
622 3695 640 3746 2
658 3693 769 3764 Wopk.,
789 3693 883 3762 Frage
902 3693 931 3746 in
947 3693 1012 3744 Asia
1027 3705 1091 3760 rege
1107 3691 1225 3744 sedeate.

153 3797 154 3806 .
234 3761 466 3826 sedeati]¹otios03
483 3779 509 3816 r.
526 3761 638 3828 interp.
684 3794 689 3800 -
976 3785 978 3792 ,

234 3834 251 3896 5
271 3832 312 3882 10.
348 3846 423 3897 paam
437 3847 479 3898 pr.
492 3831 587 3896 fuisse]
606 3777 751 3895 giessong.
767 3827 824 3880 sine
842 3845 867 3879 r.
886 3828 924 3891 1.,
939 3825 1095 3896 ,ιιὶοιῑιιιιεις
1111 3825 1206 3890 Gran,
1225 3823 1287 3882 edd.

167 3906 248 3963 rett.;
264 3891 403 3966 'genuinum
419 3913 477 3950 esse
513 3915 542 3952 ar
557 3913 588 3953 aa
605 3903 678 3966 patet
695 3902 722 3948 et
739 3895 772 3948 de
788 3895 883 3951 talibus
894 3896 974 3950 etiae
985 3895 1114 3964 agendum
1126 3901 1186 3948 erat
1198 3895 1290 3949 Krao-

167 3983 229 4036 gero
247 3967 273 4020 in
291 3965 392 4018 libellos
409 3965 470 4016 ider
487 3915 537 4020 Xera
554 3983 608 4022 aaa.
627 3965 716 4030 o.·ias.
732 3964 773 4028 bei
790 3965 908 4034 magn,
927 3965 1014 4017 Relat.
1029 3980 1055 4016 a.
1075 3962 1161 4030 Vuigo
1176 3979 1195 4016 e
1205 3961 1290 4016 Fabri

166 4035 341 4090 emendatione
360 4049 416 4086 euru
435 4031 501 4084 lunt.
519 4041 547 4085 et
567 4033 645 4086 codd.
660 4030 809 4096 terentina,
827 4041 856 4086 ut
872 4031 966 4099 Prag,
983 4031 1063 4084 Dore.
1084 4032 1114 4084 1:
1128 4031 1236 4096 suimet.
