2732 4560
131 229 143 244 ,
250 156 981 274 '··n1sron.urnuxxrvcunco.
1046 143 1053 266 J
1126 133 1296 248 aar·

79 337 210 398 omnium
225 327 374 392 civitotium
385 330 554 409 principibus
575 331 740 392 Corinthum
760 333 881 392 evocatis
899 331 1038 394 decano
1056 340 1169 408 senatos
1187 375 1191 392 .

79 422 224 490 recitante
243 416 313 494 quid
334 415 438 476 consilii
461 416 594 491 babeant,
614 417 759 495 aperiunt:
788 417 907 494 expedire
928 418 1045 476 omnibus
1064 419 1194 492 dicunt?

8 563 10 568 ,
79 514 112 566 ut
125 503 254 580 nngalm
271 505 396 564 ciuitates
411 519 460 558 aun
473 503 536 574 iuro
552 507 654 560 otmar
668 501 739 577 leges
753 501 875 560 habeant.
919 503 1004 570 Quod
1015 502 1062 562 ubi
1080 504 1193 563 omui-8

79 593 139 650 bus
153 588 295 661 innotuit,
316 585 391 645 velut
409 587 440 646 in
454 587 573 646 furorem
587 587 659 646 versi
677 587 832 646 uuiversum
847 587 1022 664 peregrinum
1035 587 1168 667 populum

80 675 243 734 trucirhnt:
265 671 373 746 legetos
393 687 505 747 quoque
522 671 598 750 ipsos
610 671 803 732 Romanorum
813 671 980 746 violassent,
1000 673 1053 732 nisi
1072 673 1193 732 auditui
1287 669 1292 682 ’
1357 687 1358 700 ’

81 758 207 820 summm
221 757 324 834 trepidi
336 755 481 831 fugissent.

162 842 210 916 ll.
239 841 320 900 Haec
339 841 385 898 ubi
405 839 513 898 Romae
531 839 659 898 nuntiata
681 847 771 916 sumt,
798 843 891 900 statim
908 846 1019 901 senatus
1031 839 1194 903 ‘Mummiot

82 927 193 990 consuli
213 925 315 986 bell'mn
331 923 479 982 Achaicum
500 925 636 984 decernit:
659 927 706 1002 qui
724 925 863 1004 extemplo
887 926 1009 986 exercitu
1024 928 1189 1004 deportato*

84 1021 116 1074 et
134 1011 264 1070 omnibus
287 1009 533 1086 strenueprorisis
553 1011 696 1086 pugnandi
716 1011 824 1088 copiam
845 1011 970 1070 hostibus
994 1012 1069 1070 fecit.
1111 1009 1196 1070 sede

82 1097 208 1170 Achaei,
229 1094 304 1154 velut
318 1093 384 1152 nihil
398 1094 504 1168 negotii
517 1093 644 1152 Romano
659 1094 739 1154 bello
752 1097 954 1172 suscepissent,
975 1095 1015 1154 ita
1028 1095 1105 1173 apud
1119 1114 1169 1155 eos

83 1183 216 1257 neglecta
229 1179 322 1238 omnia
341 1185 370 1238 et
382 1177 473 1236 soluta
495 1179 580 1237 suere.
623 1179 721 1256 ltaque
736 1182 885 1258 praedam,
907 1199 963 1240 non
976 1181 1110 1258 proelium
1124 1183 1195 1238 cot

68 1268 214 1346 giranus
225 1271 253 1324 et
267 1262 390 1322 uehicula
403 1263 440 1320 ed
451 1261 543 1340 »spolia
556 1262 675 1322 hostium
689 1266 858 1342 reportanda
879 1266 1017 1324 duxeruut
1034 1275 1062 1325 et
1076 1265 1171 1324 coniu-

48 1353 53 1360 “
86 1370 143 1430 ges
156 1349 390 1425 liberosquesuos
405 1347 442 1404 ad
453 1347 636 1425 spectaculum
649 1351 805 1408 certaminis
816 1351 845 1408 in
858 1349 997 1412 ruentibus
1009 1355 1171 1426 posuerunt.

85 1435 149 1496 Sed
165 1434 271 1512 proelio
290 1431 438 1492 commisso
458 1437 526 1492 ante
544 1431 638 1490 occulos
655 1451 768 1492 soonam
789 1434 861 1493 caesi
877 1434 994 1509 lugubre
1008 1433 1050 1492 his
1064 1433 1195 1512 specta-4

75 1520 179 1582 ‘ardum
201 1525 230 1578 et
249 1535 360 1608 gravem
379 1515 466 1576 luctus
486 1517 645 1574 memoriam
672 1517 850 1594 reliquerunt
894 1519 1036 1594 Coniuges
1061 1523 1197 1596 quoquot

86 1604 226 1681 liberique
243 1621 339 1662 eorum
358 1603 395 1660 de
408 1600 610 1680 spectatoribus
624 1603 723 1680 captivi
740 1602 806 1660 iacti
827 1603 932 1682 praeda
949 1603 1067 1660 hostium
1084 1605 1174 1671 fuere,

87 1690 170 1749 Urbs
183 1689 245 1766 ipsa
257 1686 407 1744 Corinthus
427 1685 559 1757 diruitnr3
581 1687 698 1764 populus
720 1688 808 1746 omnis
831 1687 883 1745 sub
903 1705 1004 1745 corona
1025 1687 1196 1758 venditurrb

88 1780 123 1833 ut
142 1770 341 1864 horteremplo
363 1771 462 1828 ceteris
481 1770 637 1840 civitatibus
656 1777 746 1831 metus
773 1789 905 1830 novarum
930 1789 1022 1831 rerum
1045 1772 1171 1852 impone·

87 1865 176 1920 retur.
1240 1911 1246 1924 .

177 1941 252 2002 Dum
271 1940 342 2002 hoec
359 1944 495 2017 aguntur,
517 1959 566 2002 rex
582 1939 680 2019 syriae
695 1937 845 2000 Antiochus
861 1937 1038 2014 Ptolemaeo,
1060 1940 1196 1998 maioris?

115 2179 122 2190 ,
164 2127 222 2192 58.
254 2125 421 2198 peregrinum
434 2141 471 2192 po
508 2123 581 2194 laon]
597 2124 758 2194 Spartanos,
775 2123 820 2192 qui
837 2121 955 2176 ederant.
1194 2141 1198 2148 ’
1275 2155 1280 2164 -

165 2193 249 2252 o.11.
272 2197 289 2260 s
308 2199 331 2248 l.
365 2195 464 2246 Romae
500 2195 564 2246 lllss.
581 2194 683 2262 Boog.,
708 2194 725 2253 7
743 2192 859 2245 Gronov.
877 2192 925 2258 (ad
944 2187 1065 2255 xxxn,
1082 2187 1117 2256 4,
1135 2192 1151 2254 §
1170 2187 1223 2258 8)‚·

91 2265 241 2333 Frenecq.,'
263 2262 343 2316 Dorv.
362 2265 393 2317 lr
419 2263 546 2326 Romam,
574 2263 607 2314 de
627 2278 677 2330 qao
695 2260 775 2314 multa
791 2260 909 2330 exempla
926 2277 968 2329 ap.
987 2259 1159 2340 Wopkens„
1171 2259 1216 2328 qui

89 2340 179 2388 nmen
197 2339 224 2386 et
240 2331 299 2402 ipse
314 2331 420 2385 alterum
439 2345 488 2384 uon
506 2330 653 2385 mutandum
671 2334 767 2384 censet.
782 2357 815 2370 -
833 2330 927 2382 Goth:
947 2330 1021 2382 Haeo
1038 2345 1093 2380 oum
1112 2328 1145 2379 lt.

165 2401 306 2522 Mummii
331 2400 362 2452 1..
382 2400 520 2466 Mummio,
545 2400 591 2469 qui
608 2407 668 2468 poet
686 2400 814 2454 Achaicus
831 2398 988 2462 vocabatur,
1009 2394 1044 2448 U.
1065 2414 1094 2450 r.-
1105 2398 1173 2462 6083
1191 2411 1215 2450 e·

91 2471 125 2524 C.
145 2473 206 2530 146.
223 2494 260 2510 ’-
306 2486 341 2525 ss.
360 2469 505 2538 Bospara:
522 2471 614 2524 rtatim
632 2469 756 2524 Mummio
781 2470 811 2536 (1
829 2467 927 2538 Berge
948 2468 1069 2538 Numm,
1088 2473 1116 2520 ut
1134 2465 1215 2520 Goth.

90 2527 252 2604 xxxmo,
270 2539 304 2602 e.
321 2543 337 2605 5
355 2538 393 2604 a)
412 2556 434 2590 o.
451 2541 474 2590 o.
493 2539 524 2591 Α.
546 2539 701 2592 secenum.

163 2612 180 2674 S
196 2611 222 2664 3.
251 2605 399 2668 ¹Praeteriit
416 2607 541 2676 proellum
558 2607 631 2675 prins
648 2605 812 2661 ianbocide
830 2613 992 2672 consenum,
1014 2605 1041 2670 ip
1059 2621 1109 2676 quo
1127 2599 1217 2656 Crito-

92 2678 153 2732 laus
170 2675 287 2729 occidit*
307 2677 365 2728 lieo
380 2674 478 2734 Diaeus
494 2675 636 2734 iu·1sthmo
654 2676 764 2744 pararit.

164 2746 307 2814 cluserunt]
331 2747 475 2798 5recentt.
493 2745 626 2808 Gronau,
644 2745 727 2799 Dorv.
746 2748 771 2801 1.
790 2745 824 2808 3,
842 2743 986 2812 Prenecq„
1005 2741 1100 2803 Grac,
1119 2737 1216 2792 Gutus

93 2815 274 2878 adduxeram
291 2813 337 2866 sed
355 2814 390 2866 oi.
409 2813 504 2880 Woplr.
943 2850 946 2858 .

164 2885 223 2950 §6-
260 2889 290 2936 ut
307 2881 355 2934 boc
372 2881 502 2951 coempto]
529 2879 712 2948 Mss.Bong.=
736 2879 944 2942 utenbura,
978 2877 1026 2930 alr
1043 2882 1074 2928 ut
1091 2879 1123 2924 es
1140 2871 1166 2924 b.
1185 2887 1217 2940 a,
1288 2917 1290 2924 .

93 2950 166 3076 ppptd
181 2950 324 3034 idemesse
340 2951 491 3005 Schetierua
508 2950 624 3021 putarit,
649 2949 687 3004 ita
702 2948 874 3022 reponendum
892 2959 1016 3012 ceoseus3
1041 2942 1106 2996 satis
1124 2939 1219 3012 probo·

155 3037 192 3074 er.
584 3066 587 3072 .

163 3090 180 3156 5
197 3091 224 3144 7.
258 3089 399 3142 linconen
417 3087 515 3141 diserte
530 3088 597 3141 satis
615 3105 645 3140 ac
663 3087 739 3158 plene
755 3085 858 3143 narrari
880 3083 932 3139 iam
956 3082 1104 3136 Glareanus
1125 3093 1221 3148 quere·

94 3161 183 3212 batur.
208 3157 349 3211 Antiochus
365 3173 427 3211 sane
444 3157 595 3226 Epiphanes
613 3157 657 3209 ille
675 3162 729 3220 est,
748 3155 841 3223 Magni
858 3154 943 3218 filius,
960 3148 1217 3212 Rornaeeducatusr

94 3228 119 3280 is
137 3226 310 3280 Ptolemaeum
330 3225 549 3288 Philometorem,
572 3225 668 3280 sororis
686 3225 743 3277 eius
763 3223 1040 3294 Cleopatrae,··qunm
1055 3214 1219 3272 Ptolemaeus

95 3289 248 3364 Epiphanes
264 3293 292 3346 iu
309 3295 468 3348 matrimonio
487 3295 630 3358 habuerat,
647 3287 731 3346 lilium.
744 3291 811 3344 bello
829 3307 969 3364 aggressus
986 3298 1042 3344 ests
1065 3287 1137 3340 cuins
1158 3303 1219 3340 nar·
1252 3347 1256 3354 ⁸

95 3363 223 3418 rationem
239 3381 253 3416 e
270 3364 390 3417 tenuibus
408 3363 565 3446 scriptorum·
577 3361 715 3416 indiciiso
736 3361 796 3412 time
813 3359 979 3413 concinnavit
997 3357 1033 3410 Η.
1052 3355 1168 3410 Valesius
1186 3355 1220 3411 ed

95 3431 172 3486 Diod.
190 3433 257 3485 liro.
277 3449 300 3500 p.
319 3435 371 3488 309
389 3449 430 3502 sq.
448 3449 503 3487 erre
521 3451 546 3502 p.
565 3433 616 3486 578
633 3448 691 3500 sqq.
753 3429 827 3482 essel.
846 3430 881 3482 T.
898 3429 933 3480 il.
967 3428 999 3479 ln
1024 3443 1055 3479 eo
1076 3425 1144 3494 bello
1162 3442 1219 3479 curu

96 3503 131 3555 ab
147 3498 328 3554 Alexandrinis
346 3501 473 3555 inlocum
491 3501 568 3554 eiecti
585 3497 766 3554 Philometoris
782 3499 865 3552 irater
881 3497 973 3560 iunior,
991 3495 1064 3548 Euer
1082 3499 1136 3550 etas
1153 3495 1221 3548 alter

45 3593 49 3597 ·
97 3569 139 3623 rel
155 3571 293 3640 Physcon,
318 3587 365 3623 rex
391 3571 583 3640 appellaretur,
611 3568 752 3624 Antiochus
768 3571 891 3637 tanquam
910 3511 1090 3627 Philometori,
1114 3579 1220 3633 quocum

58 3704 60 3712 Ι
96 3655 187 3708 paoem
205 3648 402 3709 composuerat,
422 3654 528 3707 ragnum
545 3639 712 3694 restituturus
730 3635 909 3690 Alexandriam
928 3634 1043 3697 obsadlte
1060 3635 1152 3687 bellum
1168 3631 1220 3702 igi·

95 3715 141 3760 tur
157 3709 240 3774 insat
255 3726 282 3761 re
310 3711 331 3772 ¹'r'
346 3710 488 3762 admodum
509 3697 571 3761 cett.
596 3708 613 3760 i.
633 3725 657 3761 e.
674 3705 805 3774 Physconi
832 3705 995 3769 Ptolemaeo,
1021 3703 1068 3772 qui
1085 3703 1222 3755 manifesto
1265 3721 1272 3738 ν
1357 3717 1358 3724 ’

96 3793 114 3830 a
131 3775 231 3830 Iustino
248 3775 281 3830 re
293 3815 298 3822 -
309 3778 406 3846 Trogo
417 3777 626 3846 intelligebatur3
657 3793 683 3830 r.
708 3772 815 3826 Diodor.
839 3775 908 3828 liro.
932 3791 956 3842 p.
974 3776 1025 3829 597
1043 3789 1084 3840 sq.
1101 3769 1221 3830 Wetsseio

96 3845 252 3916 praesertim
270 3844 437 3902 Posidonium
454 3863 497 3915 ap.
514 3847 608 3901 Athen.
625 3843 685 3898 ΧΗ.
703 3861 729 3911 p.
746 3841 799 3898 549
817 3843 849 3897 ll.
883 3844 937 3897 Sed
956 3845 1089 3925 Physcon,
1107 3837 1152 3906 qui
1165 3842 1222 3917 'pm

97 3913 250 3984 petebatur,
275 3933 326 3968 non
345 3922 387 3968 est
401 3933 486 3984 regno
500 3917 606 3984 pulsus,
631 3919 660 3964 ut
676 3911 714 3964 uit
735 3911 849 3965 lustinus
867 3929 921 3984 seq.
938 3917 970 3978 §a
995 3928 1045 3964 rmo
1063 3904 1158 3974 repulit
1175 3921 1222 3956 tm*

96 3989 186 4054 petum
204 3984 338 4038 Antiochi:
349 4002 409 4052 »qno
426 3985 497 4036 lacto
515 3980 695 4036 Philometoris
712 3979 819 4034 erl-eum
843 3981 1015 4050 confugientis
1032 3970 1152 4046 precibus
1169 3991 1223 4026 mo·

97 4059 143 4106 tus
161 4067 220 4106 cum
237 4053 322 4106 irene
338 4051 512 4108 Alexandriae
528 4049 631 4106 tandem
654 4055 761 4122 recepto
784 4050 875 4107 laedes
892 4051 966 4115 iniit,
991 4053 1022 4102 ut
1038 4040 1112 4096 simul
1128 4059 1237 4111 regnor
