2732 4560
98 149 206 246 'sru
489 119 993 246 'rusrrurffl
1085 225 1088 233 .

186 327 279 382 tamen
298 317 407 394 legatos
426 319 464 378 ad
484 317 639 391 consulem,
660 317 708 395 qui
727 319 996 396 pacempetereat,
1018 333 1103 392 quam
1123 313 1199 392 patri
1214 335 1273 376 suo

184 404 305 466 Romani
321 404 404 468 etiam
418 405 490 462 victo
507 405 666 474 dedissent,
688 403 827 480 impensas
842 400 905 460 belli
921 401 984 476 lege
999 401 1063 480 victi
1076 407 1271 478 suscepturus.

160 489 243 548 GSed
258 487 352 548 consul
367 487 503 567 Sulpicius
521 506 578 547 uon
590 489 680 547 min'us
692 503 794 562 graves
806 485 888 561 quam
905 486 977 544 ricto
991 485 1069 561 leges
1082 485 1163 544 dixit.
1189 485 1270 544 Dum

179 573 403 648 ¹haecaguntur,
424 578 500 634 metu
519 579 576 632 tarn
596 571 740 651 periculosi
763 570 825 630 belli
845 569 968 638 Romani
985 568 1133 628 Aemilium
1150 570 1270 630 Paulum

186 655 324 718 consulem
343 664 437 716 creant
460 659 541 736 eique
560 662 638 717 extra
664 655 787 714 ordinem
817 654 1025 728 Macedonicum
1045 653 1148 713 bellum
1170 657 1270 716 decer·

83 793 87 804 .
185 748 269 801 nunt:
291 742 339 817 qui
352 761 414 801 cum
428 743 465 801 ad
480 743 626 804 exercitum
640 742 776 814 venisset,
798 759 855 798 non
874 757 1004 816 maguam
1026 758 1134 797 moram
1152 759 1271 822 pugnae

161 827 259 888 7feu’t.
280 825 375 884 Pridie
390 845 473 902 quam
487 827 621 905 proelium
637 829 848 896 consereretur,
866 823 930 882 luna
945 830 1026 882 nocte
1042 823 1164 896 deiecit,
1186 827 1272 884 triste

186 912 377 989 idostentum
393 910 496 972 Perseo
517 911 642 970 omnibus
669 909 907 989 praesagientibus
928 909 1068 985 finemque
1093 905 1272 968 Macedonici
1312 947 1320 962 .

111 1027 114 1037 ·
186 997 266 1072 regui
278 996 409 1074 portendi
419 997 638 1056 vaticinantibus.
1092 1012 1109 1018 ··

163 1087 178 1139 1
271 1079 306 1138 ll.
336 1077 368 1140 lu
384 1099 533 1160 eapugua
549 1079 590 1142 M
605 1079 701 1153 Cato,
723 1071 844 1136 Catonis
858 1079 974 1136 oratoris
995 1075 1085 1152 tilius,
1107 1078 1174 1136 dum
1195 1078 1271 1138 inter

149 1219 153 1234 ,
187 1165 402 1223 confertissimos
429 1165 522 1224 hostes
550 1163 696 1238 insiguiter
721 1163 855 1234 dimicat,
883 1183 955 1239 equo
978 1162 1107 1240 delapsus
1136 1163 1271 1240 pedestre

163 1247 320 1328 aproelium
338 1249 508 1326 adgreditur.
550 1247 627 1310 Nam
645 1249 791 1306 cadentem
809 1247 964 1326 manipulus
983 1247 1103 1310 hostium
1126 1267 1188 1306 cum
1202 1247 1270 1306 hor-

188 1333 249 1391 rido
266 1332 400 1406 clamore,
421 1333 505 1393 veluti
521 1334 657 1394 iacentem
671 1325 906 1406 obtruncaturus,
925 1333 1157 1392 circumsteterat:
1179 1331 1271 1391 atille

163 1417 265 1477 Scitius
281 1422 396 1496 corpore
408 1416 522 1490 collecto
537 1437 652 1496 magnas
669 1423 777 1492 strages
794 1417 889 1476 edidit.
933 1417 1004 1474 Cum
1019 1417 1057 1474 ad
1074 1435 1160 1474 unum
1173 1419 1270 1496 oppri-

187 1504 318 1562 mendum
331 1503 451 1580 undique
462 1505 557 1564 hostes
568 1503 759 1574 convolarent,
782 1502 846 1559 dum
860 1518 1006 1579 procerum
1024 1502 1174 1576 quemdam
1187 1503 1270 1580 petit,

162 1585 297 1663 tgladius
310 1589 337 1646 ei
353 1605 369 1646 e
387 1606 471 1646 mauu
493 1589 604 1666 elapsus
621 1589 651 1645 iu
668 1585 788 1644 mediam
802 1585 940 1644 cohortem
953 1586 1073 1645 hostium
1089 1586 1209 1646 decidit:
1234 1587 1271 1646 ad

190 1687 273 1748 quem
285 1671 494 1748 reciperandum
508 1673 628 1732 umbone
649 1690 680 1730 se
700 1676 851 1749 protegens
869 1670 1041 1748 inspectante
1055 1676 1176 1747 utroque
1190 1691 1271 1732 exer·

189 1755 245 1814 citu
261 1755 334 1812 iuter
350 1773 494 1826 mucrones
511 1759 542 1816 se
557 1755 677 1816 hostiurn
693 1753 841 1828 immersit;
862 1755 1063 1832 recollectoque
1082 1755 1179 1831 gladio
1196 1756 1270 1816 mul-

189 1838 226 1900 tis
250 1837 546 1921 vulneribusexceptis
570 1841 608 1904 ad
625 1841 714 1900 socios
739 1859 800 1900 cum
824 1839 943 1900 clamore
963 1840 1086 1903 hostium
1112 1842 1268 1902 revertitur.

99 2009 103 2024 ¹
218 2036 277 2106 95.
297 2013 455 2102 4ιιιιιιιιιιιιι]
475 2029 505 2090 Ρ.
525 2033 650 2088 Licinium
668 2006 809 2088 Crassum.
873 2009 875 2018 Ι
1164 2070 1169 2074 -

217 2105 304 2158 eamr
328 2105 474 2173 Sulpiciae]
504 2103 604 2168 Falso,
629 2109 658 2156 ut
681 2103 755 2155 modo
778 2097 899 2156 vidimus.
939 2100 1023 2154 Reate
1046 2100 1199 2156 Perizonius
1217 2101 1269 2155 lt

148 2173 228 2294 &80
244 2188 283 2244 sq.
302 2173 487 2226 animadvertit
502 2173 625 2256 lustinum
649 2171 758 2235 ‚qanimo
776 2171 904 2224 varietate
922 2187 954 2252 aq
971 2169 1133 2231 multitudine
1149 2185 1239 2255 rerunt
1254 2188 1271 2225 a

175 2258 239 2308 rogo
256 2259 303 2310 per
319 2258 405 2295 omues
422 2242 574 2312 populasse
592 2239 753 2294 drffuudeute
772 2241 910 2294 relatarum
927 2239 1078 2292 distracto“
1095 2239 1126 2294 P.
1144 2240 1271 2294 Lrerurum

96 2409 97 2412 κ
147 2309 686 2432 ueteranus..turtula
699 2309 756 2431 'll
776 2307 1271 2433 transmutetur.

148 2393 175 2496 iu
193 2445 225 2496 V.
242 2445 274 2496 1..
294 2461 337 2514 ap.
356 2447 481 2499 Berneoc.
655 2415 663 2442 ⁹
688 2395 715 2447 q·
751 2413 759 2432 .
828 2416 839 2486 ⁸.
911 2396 929 2448 g
988 2409 997 2443 l
1022 2393 1039 2446 q
1164 2466 1168 2474 ·

217 2514 278 2578 §a
311 2513 384 2578 ιιιιιι]
402 2513 465 2580 Mes.
483 2513 583 2580 Bong.=
598 2520 695 2568 tumere.
925 2559 928 2564 .

216 2579 354 2634 Aemilium
371 2583 481 2654 Paulum
499 2582 579 2648 cona]
606 2577 822 2652 post'triennium
840 2583 959 2651 quidem,
982 2599 1041 2636 curu
1060 2582 1110 2636 iam
1129 2585 1161 2636 Α.
1179 2583 1271 2638 Hosti-

135 2647 197 2716 ,lius
214 2648 368 2714 Mancinus,
385 2665 500 2706 consa.
518 2651 588 2721 582,
606 2657 634 2704 et
651 2651 687 2714 Q.
706 2647 816 2704 Martius
834 2651 985 2723 Philippus,
1003 2669 1074 2713 cons.
1090 2669 1115 2708 a.
1135 2653 1196 2718 583,
1214 2666 1270 2706 curu

43 2719 45 2724 ’
147 2718 229 2773 Perre
245 2715 416 2772 dimicassent.

217 2795 292 2842 astro
302 2790 425 2842 ¹ordinem
441 2815 476 2826 -
492 2787 648 2857 deomant]
672 2787 802 2842 Disartius
818 2788 867 2842 hoc
890 2794 980 2844 narrat
993 2789 1131 2846 Plutarch.
1149 2807 1208 2858 cap.
1230 2797 1271 2857 1⁰,

100 2895 106 2906 ,
148 2857 305 2912 assentiente
312 2857 428 2922 Ζοιιιιιιι,
444 2861 474 2910 ut
490 2856 572 2910 levius
589 2856 616 2909 in
634 2858 684 2910 hoc
700 2858 758 2915 loco
776 2863 892 2912 versatus
910 2875 973 2912 esse
985 2858 1076 2914 Livius
1087 2859 1203 2928 (XLIV,
1214 2861 1271 2928 17),

147 2943 198 2982 non
214 2943 303 2982 errare
319 2926 433 2980 Iustinus
449 2925 585 2990 rideatur,
604 2933 632 2979 ιιι
651 2925 791 2978 Wetaelius
808 2929 948 2982 statuebat.
1047 2974 1050 2984 .

127 3029 149 3048 .·
216 2999 275 3064 §7-
308 2993 453 3062 proelium]
480 2995 512 3046 ad
536 2993 669 3062 Pydnam,
696 2995 731 3046 U.
751 3012 774 3048 c.
799 2993 864 3063 584,
894 3001 919 3052 a.
938 2996 970 3050 C.
988 2997 1048 3053 168.
1070 3023 1107 3036 «-
1131 2993 1270 3066 Vinceut',

147 3065 165 3119 2
181 3064 280 3129 Dora,
300 3065 398 3129 Goth„
417 3063 514 3128 Grac,
532 3063 591 3115 edd.
613 3069 693 3116 vett:
709 3065 809 3120 bellum.
931 3119 933 3126 ,

148 3169 150 3176 >
216 3141 343 3187 ostentum
359 3162 392 3176 -
403 3133 648 3202 praesagientibus]
667 3135 731 3186 Mes.
749 3133 848 3202 Bongr,
865 3171 884 3197 ,‚
894 3134 1039 3203 plerique“
1056 3133 1188 3197 Gronov„
1207 3133 1273 3188 Vin-

148 3205 232 3252 cent:
254 3210 405 3271 portentum
416 3231 450 3242 -·
458 3203 689 3271 praesagatam.
729 3201 810 3254 Verbi
824 3217 1004 3272 praesagere,
1027 3203 1096 3272 quod
1113 3203 1140 3255 in
1158 3204 1273 3258 Gesnerl

149 3273 176 3320 et
193 3269 330 3322 Porcelliui
347 3269 490 3324 'l'hesauris
507 3271 606 3323 frustra
622 3285 746 3338 quaeras,
770 3271 1028 3340 extruplumiuvenit
1053 3273 1137 3326 Gran.
1156 3290 1183 3344 p.
1200 3275 1271 3338 9503

147 3335 214 3389 adde
232 3355 265 3392 ex
281 3339 453 3408 Hieronymo:
468 3345 655 3408 praerogatus.
690 3340 842 3393 Portentum
862 3341 958 3394 habent
974 3342 1053 3394 etiam
1074 3341 1173 3406 Gom,
1192 3341 1273 3398 erac.
1348 3339 1354 3352 '

148 3433 183 3448 -
199 3403 324 3460 Deiectus
341 3408 439 3464 lunaria
453 3406 550 3464 accidit
567 3408 610 3460 die
627 3407 713 3462 xxu.
728 3406 812 3462 Iunio.
854 3433 857 3438 ·
918 3413 922 3422 '

218 3471 302 3526 o.11.
328 3479 387 3542 §L
423 3478 462 3529 M.
482 3477 564 3544 Coto]
598 3473 661 3528 Mss.
687 3476 787 3544 Boug.=
812 3477 948 3530 Memmius
966 3479 1051 3538 Calor
1075 3477 1125 3530 al:
1144 3483 1172 3528 ιἰῑ
1193 3475 1272 3534 Cato.

49 3589 53 3596 .
149 3539 288 3675 grpptpnus
302 3547 399 3610 etiam,
416 3563 432 3598 e
447 3545 557 3614 Trogo,
576 3551 605 3598 ut
622 3544 750 3599 arbitrorr
769 3547 807 3598 Μ.
826 3547 911 3613 Calo,
930 3544 1143 3614 Censoriifiliur.
1164 3548 1230 3616 (lv,
1248 3551 1272 3615 5,

218 3681 235 3744 ἓ
253 3675 278 3758 4:
313 3682 349 3732 ad
365 3683 465 3750 rados]
483 3682 529 3736 Sic
547 3683 690 3750 Bongars.‚
707 3681 797 3750 Prag,
813 3683 969 3752 codicesque
985 3682 1041 3736 siae
1058 3681 1140 3739 dnbio
1158 3683 1272 3753 plurimi.

149 3747 192 3802 Ex
209 3746 312 3798 Ιιιιιιιιιιι
330 3755 413 3805 autem
431 3767 478 3808 sua
496 3751 626 3807 Graevius
644 3752 924 3817 commitendam,
949 3759 979 3804 ιιι
994 3751 1073 3820 vulgo
1091 3752 1210 3821 legitera
1236 3757 1272 3808 sic

149 3817 225 3870 etiam
242 3815 340 3884 Crem,
360 3817 458 3884 Gotla,
483 3819 563 3872 Dorv.
583 3822 606 3872 1.
625 3822 651 3875 3.
687 3819 840 3873 Frontinum
863 3839 980 3874 reomaus
1002 3829 1041 3880 ert
1058 3822 1094 3874 od
1111 3839 1182 3876 suos.
1218 3824 1273 3887 Qui

149 3891 249 3940 attente
265 3883 343 3952 legit,
369 3885 394 3936 el
410 3889 492 3940 socios
514 3887 583 3942 haud
601 3888 687 3958 paullo
713 3889 803 3942 mallus
826 3905 883 3942 esse
906 3889 1021 3958 patebit,
1054 3888 1146 3944 melius
1168 3907 1274 3962 quoque

150 3954 260 4009 laertium
277 3969 351 4024 quam
369 3955 494 4018 omnium,
518 3957 586 4026 quod
604 3965 644 4010 est
661 3957 687 4008 in
705 3957 763 4012 edd.
779 3957 847 4014 'vett
864 3965 892 4015 et
909 3959 961 4012 Pra
983 3976 1005 4022 .;
1030 3975 1088 4012 nam
1104 3961 1206 4020 clamor
1222 3979 1274 4016 non

150 4023 230 4076 solum
247 4023 423 4091 plaudentium
444 4029 527 4076 estet
545 4025 753 4091 acclamantium,
778 4035 807 4081 ιιι
824 4026 862 4082 cit
878 4028 947 4082 Scire
968 4041 1044 4093 erus,
1069 4025 1116 4080 sed
1133 4027 1215 4082 edam
1232 4032 1275 4088 iu-
