<?xml version="1.0" encoding="UTF-8"?>
<!DOCTYPE html PUBLIC "-//W3C//DTD XHTML 1.0 Transitional//EN"
    "http://www.w3.org/TR/xhtml1/DTD/xhtml1-transitional.dtd">
<html xmlns="http://www.w3.org/1999/xhtml" xml:lang="en" lang="en">
 <head>
  <title>
</title>
<meta http-equiv="Content-Type" content="text/html;charset=utf-8" />
  <meta name='ocr-system' content='tesseract 3.04.00' />
  <meta name='ocr-capabilities' content='ocr_page ocr_carea ocr_par ocr_line ocrx_word'/>
</head>
<body>
  <div class='ocr_page' id='page_1' title='image "./iustinihistoria00dbgoog_0169.png"; bbox 0 0 2772 4556; ppageno 0'>
   <div class='ocr_carea' id='block_1_1' title="bbox 156 161 913 296">
    <p class='ocr_par' dir='ltr' id='par_1_1' title="bbox 156 161 913 296">
     <span class='ocr_line' id='line_1_1' title="bbox 156 161 913 296; baseline -0.005 -25"><span class='ocrx_word' id='word_1_1' title='bbox 156 213 220 296; x_wconf 58' lang='grc' dir='ltr'><strong>ιω</strong></span> <span class='ocrx_word' id='word_1_2' title='bbox 395 161 913 285; x_wconf 64' lang='lat' dir='ltr'><strong>&#39;rasurus</strong></span> 
     </span>
    </p>
   </div>
   <div class='ocr_carea' id='block_1_2' title="bbox 115 341 1290 1872">
    <p class='ocr_par' dir='ltr' id='par_1_2' title="bbox 152 341 1286 1122">
     <span class='ocr_line' id='line_1_2' title="bbox 199 341 1284 444; baseline -0.007 -14"><span class='ocrx_word' id='word_1_3' title='bbox 199 342 364 440; x_wconf 72' lang='lat' dir='ltr'><strong>tiemari,</strong></span> <span class='ocrx_word' id='word_1_4' title='bbox 377 364 451 442; x_wconf 73' lang='lat' dir='ltr'><strong>regis</strong></span> <span class='ocrx_word' id='word_1_5' title='bbox 468 361 565 444; x_wconf 81' lang='lat' dir='ltr'><strong>Epiri,</strong></span> <span class='ocrx_word' id='word_1_6' title='bbox 578 341 718 434; x_wconf 58' lang='lat' dir='ltr'><strong>initalia}</strong></span> <span class='ocrx_word' id='word_1_7' title='bbox 728 357 838 422; x_wconf 75' lang='lat' dir='ltr'><strong>aulum</strong></span> <span class='ocrx_word' id='word_1_8' title='bbox 855 357 1051 438; x_wconf 62' lang='lat' dir='ltr'><strong>appiam,</strong></span> <span class='ocrx_word' id='word_1_9' title='bbox 1069 359 1211 443; x_wconf 77' lang='lat' dir='ltr'><strong>praelecti</strong></span> <span class='ocrx_word' id='word_1_10' title='bbox 1224 361 1284 422; x_wconf 79' lang='lat' dir='ltr'><strong>ecs</strong></span> 
     </span>
     <span class='ocr_line' id='line_1_3' title="bbox 174 443 1285 529; baseline -0.008 -15"><span class='ocrx_word' id='word_1_11' title='bbox 174 455 228 515; x_wconf 72' lang='lat' dir='ltr'><strong>sio</strong></span> <span class='ocrx_word' id='word_1_12' title='bbox 243 451 372 529; x_wconf 78' lang='lat' dir='ltr'><strong>Scythia,</strong></span> <span class='ocrx_word' id='word_1_13' title='bbox 393 448 594 510; x_wconf 72' lang='lat' dir='ltr'><strong>continebatur.</strong></span> <span class='ocrx_word' id='word_1_14' title='bbox 638 446 745 516; x_wconf 79' lang='lat' dir='ltr'><strong>Quibus</strong></span> <span class='ocrx_word' id='word_1_15' title='bbox 763 447 841 505; x_wconf 79' lang='lat' dir='ltr'><strong>varie</strong></span> <span class='ocrx_word' id='word_1_16' title='bbox 862 446 989 504; x_wconf 82' lang='lat' dir='ltr'><strong>adfectus</strong></span> <span class='ocrx_word' id='word_1_17' title='bbox 1004 443 1066 523; x_wconf 90' lang='lat' dir='ltr'><strong>plus</strong></span> <span class='ocrx_word' id='word_1_18' title='bbox 1086 451 1185 504; x_wconf 86' lang='lat' dir='ltr'><strong>tamen</strong></span> <span class='ocrx_word' id='word_1_19' title='bbox 1204 445 1285 506; x_wconf 89' lang='lat' dir='ltr'><strong>laeti-</strong></span> 
     </span>
     <span class='ocr_line' id='line_1_4' title="bbox 181 528 1284 615; baseline -0.009 -17"><span class='ocrx_word' id='word_1_20' title='bbox 181 540 256 615; x_wconf 37' lang='lat' dir='ltr'><strong>,tiuc</strong></span> <span class='ocrx_word' id='word_1_21' title='bbox 269 535 388 611; x_wconf 74' lang='lat' dir='ltr'><strong>cognitis</strong></span> <span class='ocrx_word' id='word_1_22' title='bbox 402 533 536 593; x_wconf 78' lang='lat' dir='ltr'><strong>mortibus</strong></span> <span class='ocrx_word' id='word_1_23' title='bbox 550 532 668 591; x_wconf 87' lang='lat' dir='ltr'><strong>duomm</strong></span> <span class='ocrx_word' id='word_1_24' title='bbox 680 531 846 594; x_wconf 88' lang='lat' dir='ltr'><strong>aemnlomm</strong></span> <span class='ocrx_word' id='word_1_25' title='bbox 860 546 959 606; x_wconf 86' lang='lat' dir='ltr'><strong>regam</strong></span> <span class='ocrx_word' id='word_1_26' title='bbox 972 547 1056 606; x_wconf 84' lang='lat' dir='ltr'><strong>quam</strong></span> <span class='ocrx_word' id='word_1_27' title='bbox 1072 528 1179 588; x_wconf 89' lang='lat' dir='ltr'><strong>doloris</strong></span> <span class='ocrx_word' id='word_1_28' title='bbox 1189 530 1284 610; x_wconf 66' lang='lat' dir='ltr'><strong>amici</strong></span> 
     </span>
     <span class='ocr_line' id='line_1_5' title="bbox 152 613 1283 697; baseline -0.008 -14"><span class='ocrx_word' id='word_1_29' title='bbox 152 630 263 683; x_wconf 78' lang='lat' dir='ltr'><strong>=6cum</strong></span> <span class='ocrx_word' id='word_1_30' title='bbox 291 619 453 697; x_wconf 79' lang='lat' dir='ltr'><strong>Zopyrionc</strong></span> <span class='ocrx_word' id='word_1_31' title='bbox 480 618 615 677; x_wconf 85' lang='lat' dir='ltr'><strong>exercitus</strong></span> <span class='ocrx_word' id='word_1_32' title='bbox 640 617 769 694; x_wconf 86' lang='lat' dir='ltr'><strong>suscepit.</strong></span> <span class='ocrx_word' id='word_1_33' title='bbox 826 613 957 690; x_wconf 86' lang='lat' dir='ltr'><strong>Namque</strong></span> <span class='ocrx_word' id='word_1_34' title='bbox 984 617 1050 692; x_wconf 87' lang='lat' dir='ltr'><strong>post</strong></span> <span class='ocrx_word' id='word_1_35' title='bbox 1077 613 1283 691; x_wconf 80' lang='lat' dir='ltr'><strong>profectionem</strong></span> 
     </span>
     <span class='ocr_line' id='line_1_6' title="bbox 200 699 1284 776; baseline -0.007 -10"><span class='ocrx_word' id='word_1_36' title='bbox 200 703 350 766; x_wconf 79' lang='lat' dir='ltr'><strong>Alexandri</strong></span> <span class='ocrx_word' id='word_1_37' title='bbox 362 702 482 762; x_wconf 87' lang='lat' dir='ltr'><strong>Graecia</strong></span> <span class='ocrx_word' id='word_1_38' title='bbox 495 701 583 762; x_wconf 79' lang='lat' dir='ltr'><strong>ferme</strong></span> <span class='ocrx_word' id='word_1_39' title='bbox 595 701 684 760; x_wconf 85' lang='lat' dir='ltr'><strong>amuis</strong></span> <span class='ocrx_word' id='word_1_40' title='bbox 695 703 726 764; x_wconf 89' lang='lat' dir='ltr'><strong>ia</strong></span> <span class='ocrx_word' id='word_1_41' title='bbox 746 699 917 758; x_wconf 72' lang='lat' dir='ltr'><strong>occasionem</strong></span> <span class='ocrx_word' id='word_1_42' title='bbox 934 699 1134 776; x_wconf 76' lang='lat' dir='ltr'><strong>reciperandae</strong></span> <span class='ocrx_word' id='word_1_43' title='bbox 1147 699 1284 758; x_wconf 79' lang='lat' dir='ltr'><strong>libertatis</strong></span> 
     </span>
     <span class='ocr_line' id='line_1_7' title="bbox 175 781 1286 862; baseline -0.009 -10"><span class='ocrx_word' id='word_1_44' title='bbox 175 791 238 852; x_wconf 77' lang='lat' dir='ltr'><strong>tad</strong></span> <span class='ocrx_word' id='word_1_45' title='bbox 259 807 335 848; x_wconf 88' lang='lat' dir='ltr'><strong>arma</strong></span> <span class='ocrx_word' id='word_1_46' title='bbox 357 791 549 860; x_wconf 75' lang='lat' dir='ltr'><strong>concurrerat,</strong></span> <span class='ocrx_word' id='word_1_47' title='bbox 575 785 768 848; x_wconf 86' lang='lat' dir='ltr'><strong>auctoritatem</strong></span> <span class='ocrx_word' id='word_1_48' title='bbox 786 781 1071 844; x_wconf 76' lang='lat' dir='ltr'><strong>Lacedaemoniorum</strong></span> <span class='ocrx_word' id='word_1_49' title='bbox 1092 789 1207 842; x_wconf 79' lang='lat' dir='ltr'><strong>secuta:</strong></span> <span class='ocrx_word' id='word_1_50' title='bbox 1237 785 1286 862; x_wconf 90' lang='lat' dir='ltr'><strong>qui</strong></span> 
     </span>
     <span class='ocr_line' id='line_1_8' title="bbox 200 859 1285 953; baseline -0.007 -19"><span class='ocrx_word' id='word_1_51' title='bbox 200 859 323 953; x_wconf 76' lang='lat' dir='ltr'><strong>Philippi</strong></span> <span class='ocrx_word' id='word_1_52' title='bbox 335 869 538 948; x_wconf 69' lang='lat' dir='ltr'><strong>alexandrique</strong></span> <span class='ocrx_word' id='word_1_53' title='bbox 553 877 582 929; x_wconf 91' lang='lat' dir='ltr'><strong>et</strong></span> <span class='ocrx_word' id='word_1_54' title='bbox 594 889 692 950; x_wconf 85' lang='lat' dir='ltr'><strong>paoem</strong></span> <span class='ocrx_word' id='word_1_55' title='bbox 710 869 762 928; x_wconf 92' lang='lat' dir='ltr'><strong>soli</strong></span> <span class='ocrx_word' id='word_1_56' title='bbox 781 874 944 946; x_wconf 85' lang='lat' dir='ltr'><strong>spreverant</strong></span> <span class='ocrx_word' id='word_1_57' title='bbox 963 874 992 926; x_wconf 89' lang='lat' dir='ltr'><strong>et</strong></span> <span class='ocrx_word' id='word_1_58' title='bbox 1010 865 1087 942; x_wconf 87' lang='lat' dir='ltr'><strong>leges</strong></span> <span class='ocrx_word' id='word_1_59' title='bbox 1110 875 1285 946; x_wconf 78' lang='lat' dir='ltr'><strong>respuerant.</strong></span> 
     </span>
     <span class='ocr_line' id='line_1_9' title="bbox 178 951 1286 1032; baseline -0.009 -12"><span class='ocrx_word' id='word_1_60' title='bbox 178 958 268 1020; x_wconf 82' lang='lat' dir='ltr'><strong>8Dux</strong></span> <span class='ocrx_word' id='word_1_61' title='bbox 286 958 365 1018; x_wconf 81' lang='lat' dir='ltr'><strong>buius</strong></span> <span class='ocrx_word' id='word_1_62' title='bbox 386 955 453 1016; x_wconf 91' lang='lat' dir='ltr'><strong>belli</strong></span> <span class='ocrx_word' id='word_1_63' title='bbox 471 954 566 1032; x_wconf 82' lang='lat' dir='ltr'><strong>Agis,</strong></span> <span class='ocrx_word' id='word_1_64' title='bbox 587 973 636 1014; x_wconf 87' lang='lat' dir='ltr'><strong>rex</strong></span> <span class='ocrx_word' id='word_1_65' title='bbox 652 953 953 1024; x_wconf 83' lang='lat' dir='ltr'><strong>Lacedaemoniorum,</strong></span> <span class='ocrx_word' id='word_1_66' title='bbox 974 951 1043 1010; x_wconf 82' lang='lat' dir='ltr'><strong>l&#39;uit:</strong></span> <span class='ocrx_word' id='word_1_67' title='bbox 1075 969 1161 1026; x_wconf 88' lang='lat' dir='ltr'><strong>quem</strong></span> <span class='ocrx_word' id='word_1_68' title='bbox 1178 959 1286 1011; x_wconf 89' lang='lat' dir='ltr'><strong>motum</strong></span> 
     </span>
     <span class='ocr_line' id='line_1_10' title="bbox 177 1035 1286 1122; baseline -0.007 -20"><span class='ocrx_word' id='word_1_69' title='bbox 177 1041 349 1122; x_wconf 80' lang='lat' dir='ltr'><strong>9Antipater</strong></span> <span class='ocrx_word' id='word_1_70' title='bbox 364 1042 510 1100; x_wconf 87' lang='lat' dir='ltr'><strong>contractis</strong></span> <span class='ocrx_word' id='word_1_71' title='bbox 524 1037 653 1098; x_wconf 75' lang='lat' dir='ltr'><strong>militibus</strong></span> <span class='ocrx_word' id='word_1_72' title='bbox 668 1039 698 1097; x_wconf 92' lang='lat' dir='ltr'><strong>in</strong></span> <span class='ocrx_word' id='word_1_73' title='bbox 713 1040 776 1117; x_wconf 88' lang='lat' dir='ltr'><strong>ipso</strong></span> <span class='ocrx_word' id='word_1_74' title='bbox 792 1041 856 1094; x_wconf 88' lang='lat' dir='ltr'><strong>ortu</strong></span> <span class='ocrx_word' id='word_1_75' title='bbox 870 1036 1017 1114; x_wconf 80' lang='lat' dir='ltr'><strong>oppressit.</strong></span> <span class='ocrx_word' id='word_1_76' title='bbox 1061 1035 1170 1111; x_wconf 84' lang='lat' dir='ltr'><strong>Magna</strong></span> <span class='ocrx_word' id='word_1_77' title='bbox 1190 1045 1286 1096; x_wconf 88' lang='lat' dir='ltr'><strong>tamen</strong></span> 
     </span>
    </p>

    <p class='ocr_par' dir='ltr' id='par_1_3' title="bbox 161 1120 1287 1203">
     <span class='ocr_line' id='line_1_11' title="bbox 161 1120 1287 1203; baseline -0.008 -16"><span class='ocrx_word' id='word_1_78' title='bbox 161 1135 196 1188; x_wconf 82' lang='grc'><strong>10</strong></span> <span class='ocrx_word' id='word_1_79' title='bbox 203 1127 343 1203; x_wconf 85' lang='lat' dir='ltr'><strong>utrimque</strong></span> <span class='ocrx_word' id='word_1_80' title='bbox 352 1125 453 1186; x_wconf 88' lang='lat' dir='ltr'><strong>caedes</strong></span> <span class='ocrx_word' id='word_1_81' title='bbox 466 1124 525 1182; x_wconf 89' lang='lat' dir='ltr'><strong>suit.</strong></span> <span class='ocrx_word' id='word_1_82' title='bbox 558 1121 629 1199; x_wconf 83' lang='lat' dir='ltr'><strong>Agis</strong></span> <span class='ocrx_word' id='word_1_83' title='bbox 642 1141 708 1196; x_wconf 85' lang='lat' dir='ltr'><strong>rex,</strong></span> <span class='ocrx_word' id='word_1_84' title='bbox 729 1141 789 1180; x_wconf 90' lang='lat' dir='ltr'><strong>cum</strong></span> <span class='ocrx_word' id='word_1_85' title='bbox 803 1139 868 1179; x_wconf 91' lang='lat' dir='ltr'><strong>suos</strong></span> <span class='ocrx_word' id='word_1_86' title='bbox 883 1129 963 1196; x_wconf 87' lang='lat' dir='ltr'><strong>terga</strong></span> <span class='ocrx_word' id='word_1_87' title='bbox 976 1121 1076 1179; x_wconf 87' lang='lat' dir='ltr'><strong>dautes</strong></span> <span class='ocrx_word' id='word_1_88' title='bbox 1094 1120 1221 1194; x_wconf 84' lang='lat' dir='ltr'><strong>rideret,</strong></span> <span class='ocrx_word' id='word_1_89' title='bbox 1242 1123 1287 1180; x_wconf 89' lang='lat' dir='ltr'><strong>di-</strong></span> 
     </span>
    </p>

    <p class='ocr_par' dir='ltr' id='par_1_4' title="bbox 202 1204 1287 1369">
     <span class='ocr_line' id='line_1_12' title="bbox 202 1204 1287 1281; baseline -0.006 -12"><span class='ocrx_word' id='word_1_90' title='bbox 202 1211 294 1270; x_wconf 88' lang='lat' dir='ltr'><strong>missis</strong></span> <span class='ocrx_word' id='word_1_91' title='bbox 314 1209 494 1281; x_wconf 90' lang='lat' dir='ltr'><strong>satellitibus‚</strong></span> <span class='ocrx_word' id='word_1_92' title='bbox 515 1212 546 1266; x_wconf 89' lang='lat' dir='ltr'><strong>ut</strong></span> <span class='ocrx_word' id='word_1_93' title='bbox 565 1207 723 1266; x_wconf 81' lang='lat' dir='ltr'><strong>Alexandra</strong></span> <span class='ocrx_word' id='word_1_94' title='bbox 744 1207 893 1278; x_wconf 83' lang='lat' dir='ltr'><strong>felicitate,</strong></span> <span class='ocrx_word' id='word_1_95' title='bbox 918 1223 975 1263; x_wconf 92' lang='lat' dir='ltr'><strong>non</strong></span> <span class='ocrx_word' id='word_1_96' title='bbox 992 1206 1092 1263; x_wconf 84' lang='lat' dir='ltr'><strong>virtrrte</strong></span> <span class='ocrx_word' id='word_1_97' title='bbox 1112 1204 1229 1264; x_wconf 84' lang='lat' dir='ltr'><strong>inferior</strong></span> <span class='ocrx_word' id='word_1_98' title='bbox 1246 1208 1287 1263; x_wconf 83' lang='lat' dir='ltr'><strong>vi·</strong></span> 
     </span>
     <span class='ocr_line' id='line_1_13' title="bbox 203 1289 1286 1369; baseline -0.006 -15"><span class='ocrx_word' id='word_1_99' title='bbox 203 1295 333 1369; x_wconf 88' lang='lat' dir='ltr'><strong>deretur,</strong></span> <span class='ocrx_word' id='word_1_100' title='bbox 351 1299 460 1352; x_wconf 89' lang='lat' dir='ltr'><strong>tautam</strong></span> <span class='ocrx_word' id='word_1_101' title='bbox 481 1300 603 1368; x_wconf 86' lang='lat' dir='ltr'><strong>stragem</strong></span> <span class='ocrx_word' id='word_1_102' title='bbox 630 1292 751 1350; x_wconf 88' lang='lat' dir='ltr'><strong>hostium</strong></span> <span class='ocrx_word' id='word_1_103' title='bbox 771 1291 876 1361; x_wconf 90' lang='lat' dir='ltr'><strong>edidit,</strong></span> <span class='ocrx_word' id='word_1_104' title='bbox 898 1295 930 1347; x_wconf 91' lang='lat' dir='ltr'><strong>ut</strong></span> <span class='ocrx_word' id='word_1_105' title='bbox 950 1289 1061 1364; x_wconf 82' lang='lat' dir='ltr'><strong>agmina</strong></span> <span class='ocrx_word' id='word_1_106' title='bbox 1081 1290 1223 1348; x_wconf 86' lang='lat' dir='ltr'><strong>interdum</strong></span> <span class='ocrx_word' id='word_1_107' title='bbox 1243 1293 1286 1348; x_wconf 91' lang='lat' dir='ltr'><strong>l&#39;u·</strong></span> 
     </span>
    </p>

    <p class='ocr_par' dir='ltr' id='par_1_5' title="bbox 115 1373 1288 1458">
     <span class='ocr_line' id='line_1_14' title="bbox 115 1373 1288 1458; baseline -0.003 -19"><span class='ocrx_word' id='word_1_108' title='bbox 115 1407 123 1416; x_wconf 90' lang='lat'><strong>·</strong></span> <span class='ocrx_word' id='word_1_109' title='bbox 163 1385 292 1456; x_wconf 78' lang='lat' dir='ltr'><strong>ligaret.</strong></span> <span class='ocrx_word' id='word_1_110' title='bbox 334 1377 380 1437; x_wconf 82' lang='lat' dir='ltr'><strong>Ad</strong></span> <span class='ocrx_word' id='word_1_111' title='bbox 407 1381 601 1458; x_wconf 88' lang='lat' dir='ltr'><strong>postremum,</strong></span> <span class='ocrx_word' id='word_1_112' title='bbox 626 1374 679 1436; x_wconf 76' lang='lat' dir='ltr'><strong>etsi</strong></span> <span class='ocrx_word' id='word_1_113' title='bbox 701 1393 720 1435; x_wconf 88' lang='lat' dir='ltr'><strong>a</strong></span> <span class='ocrx_word' id='word_1_114' title='bbox 743 1374 918 1436; x_wconf 89' lang='lat' dir='ltr'><strong>multitudine</strong></span> <span class='ocrx_word' id='word_1_115' title='bbox 945 1375 1056 1450; x_wconf 81' lang='lat' dir='ltr'><strong>rictus,</strong></span> <span class='ocrx_word' id='word_1_116' title='bbox 1085 1373 1176 1450; x_wconf 85' lang='lat' dir='ltr'><strong>gloria</strong></span> <span class='ocrx_word' id='word_1_117' title='bbox 1193 1381 1288 1435; x_wconf 85' lang='lat' dir='ltr'><strong>tamea</strong></span> 
     </span>
    </p>

    <p class='ocr_par' dir='ltr' id='par_1_6' title="bbox 205 1464 1203 1533">
     <span class='ocr_line' id='line_1_15' title="bbox 205 1464 1203 1533; baseline -0.006 -11"><span class='ocrx_word' id='word_1_118' title='bbox 205 1483 301 1523; x_wconf 87' lang='lat' dir='ltr'><strong>omncs</strong></span> <span class='ocrx_word' id='word_1_119' title='bbox 314 1464 388 1522; x_wconf 85' lang='lat' dir='ltr'><strong>vicit.</strong></span> <span class='ocrx_word' id='word_1_120' title='bbox 781 1519 787 1533; x_wconf 79' lang='grc'><strong><em>,</em></strong></span> <span class='ocrx_word' id='word_1_121' title='bbox 1111 1473 1116 1483; x_wconf 94' lang='grc'>·</span> <span class='ocrx_word' id='word_1_122' title='bbox 1200 1477 1203 1492; x_wconf 90' lang='grc'>·</span> 
     </span>
    </p>

    <p class='ocr_par' dir='ltr' id='par_1_7' title="bbox 181 1541 1289 1790">
     <span class='ocr_line' id='line_1_16' title="bbox 181 1541 1288 1626; baseline -0.005 -19"><span class='ocrx_word' id='word_1_123' title='bbox 181 1557 196 1607; x_wconf 86' lang='grc'>1</span> <span class='ocrx_word' id='word_1_124' title='bbox 289 1547 324 1606; x_wconf 91' lang='lat' dir='ltr'><strong>ll.</strong></span> <span class='ocrx_word' id='word_1_125' title='bbox 346 1547 435 1607; x_wconf 88' lang='lat' dir='ltr'><strong>Porro</strong></span> <span class='ocrx_word' id='word_1_126' title='bbox 448 1545 619 1618; x_wconf 79' lang='lat' dir='ltr'><strong>Alexander,</strong></span> <span class='ocrx_word' id='word_1_127' title='bbox 640 1564 689 1606; x_wconf 86' lang='lat' dir='ltr'><strong>rer</strong></span> <span class='ocrx_word' id='word_1_128' title='bbox 703 1543 797 1624; x_wconf 87' lang='lat' dir='ltr'><strong>Epiri,</strong></span> <span class='ocrx_word' id='word_1_129' title='bbox 816 1545 845 1602; x_wconf 89' lang='lat' dir='ltr'><strong>in</strong></span> <span class='ocrx_word' id='word_1_130' title='bbox 860 1542 965 1602; x_wconf 85' lang='lat' dir='ltr'><strong>ltaliam</strong></span> <span class='ocrx_word' id='word_1_131' title='bbox 979 1561 997 1600; x_wconf 85' lang='lat' dir='ltr'><strong>a</strong></span> <span class='ocrx_word' id='word_1_132' title='bbox 1010 1541 1173 1626; x_wconf 73' lang='lat' dir='ltr'><strong>Tarentinis</strong></span> <span class='ocrx_word' id='word_1_133' title='bbox 1190 1543 1288 1602; x_wconf 83' lang='lat' dir='ltr'><strong>auxilia</strong></span> 
     </span>
     <span class='ocr_line' id='line_1_17' title="bbox 205 1627 1287 1708; baseline -0.004 -18"><span class='ocrx_word' id='word_1_134' title='bbox 205 1632 336 1690; x_wconf 80' lang='lat' dir='ltr'><strong>adveisus</strong></span> <span class='ocrx_word' id='word_1_135' title='bbox 357 1630 484 1689; x_wconf 91' lang='lat' dir='ltr'><strong>Bruttios</strong></span> <span class='ocrx_word' id='word_1_136' title='bbox 510 1631 722 1708; x_wconf 86' lang='lat' dir='ltr'><strong>deprecantibus</strong></span> <span class='ocrx_word' id='word_1_137' title='bbox 749 1627 926 1701; x_wconf 88' lang='lat' dir='ltr'><strong>sollicitatas,</strong></span> <span class='ocrx_word' id='word_1_138' title='bbox 961 1629 1000 1685; x_wconf 88' lang='lat' dir='ltr'><strong>ita</strong></span> <span class='ocrx_word' id='word_1_139' title='bbox 1024 1628 1287 1706; x_wconf 84' lang='lat' dir='ltr'><strong>eupide&#39;prosectus</strong></span> 
     </span>
     <span class='ocr_line' id='line_1_18' title="bbox 205 1711 1289 1790; baseline -0.003 -16"><span class='ocrx_word' id='word_1_140' title='bbox 205 1715 314 1788; x_wconf 80' lang='lat' dir='ltr'><strong>fuerat,</strong></span> <span class='ocrx_word' id='word_1_141' title='bbox 333 1713 417 1772; x_wconf 74' lang='lat' dir='ltr'><strong>vduti</strong></span> <span class='ocrx_word' id='word_1_142' title='bbox 434 1713 463 1772; x_wconf 91' lang='lat' dir='ltr'><strong>in</strong></span> <span class='ocrx_word' id='word_1_143' title='bbox 477 1715 612 1775; x_wconf 85' lang='lat' dir='ltr'><strong>divisione</strong></span> <span class='ocrx_word' id='word_1_144' title='bbox 627 1714 700 1772; x_wconf 91' lang='lat' dir='ltr'><strong>orbis</strong></span> <span class='ocrx_word' id='word_1_145' title='bbox 712 1720 847 1772; x_wconf 87' lang='lat' dir='ltr'><strong>terrarum</strong></span> <span class='ocrx_word' id='word_1_146' title='bbox 859 1712 1018 1771; x_wconf 82' lang='lat' dir='ltr'><strong>Alexandro</strong></span> <span class='ocrx_word' id='word_1_147' title='bbox 1032 1711 1227 1790; x_wconf 85' lang='lat' dir='ltr'><strong>Olympiadis,</strong></span> <span class='ocrx_word' id='word_1_148' title='bbox 1241 1733 1289 1771; x_wconf 86' lang='lat' dir='ltr'><strong>so·</strong></span> 
     </span>
    </p>

    <p class='ocr_par' dir='ltr' id='par_1_8' title="bbox 185 1797 1290 1872">
     <span class='ocr_line' id='line_1_19' title="bbox 185 1797 1290 1872; baseline -0.002 -16"><span class='ocrx_word' id='word_1_149' title='bbox 185 1800 280 1857; x_wconf 61' lang='lat' dir='ltr'><strong>aroris</strong></span> <span class='ocrx_word' id='word_1_150' title='bbox 302 1815 385 1872; x_wconf 88' lang='lat' dir='ltr'><strong>suae,</strong></span> <span class='ocrx_word' id='word_1_151' title='bbox 405 1797 462 1856; x_wconf 84' lang='lat' dir='ltr'><strong>filio</strong></span> <span class='ocrx_word' id='word_1_152' title='bbox 479 1799 599 1870; x_wconf 89' lang='lat' dir='ltr'><strong>Oriens,</strong></span> <span class='ocrx_word' id='word_1_153' title='bbox 625 1799 678 1856; x_wconf 88' lang='lat' dir='ltr'><strong>sibi</strong></span> <span class='ocrx_word' id='word_1_154' title='bbox 700 1798 838 1856; x_wconf 90' lang='lat' dir='ltr'><strong>Occidens</strong></span> <span class='ocrx_word' id='word_1_155' title='bbox 859 1801 935 1855; x_wconf 87' lang='lat' dir='ltr'><strong>sorte</strong></span> <span class='ocrx_word' id='word_1_156' title='bbox 955 1797 1137 1872; x_wconf 83' lang='lat' dir='ltr'><strong>contigisset:</strong></span> <span class='ocrx_word' id='word_1_157' title='bbox 1159 1815 1217 1856; x_wconf 89' lang='lat' dir='ltr'><strong>non</strong></span> <span class='ocrx_word' id='word_1_158' title='bbox 1236 1799 1290 1856; x_wconf 90' lang='lat' dir='ltr'><strong>mi-</strong></span> 
     </span>
    </p>
   </div>
   <div class='ocr_carea' id='block_1_3' title="bbox 207 1880 1379 1958">
    <p class='ocr_par' dir='ltr' id='par_1_9' title="bbox 207 1880 1379 1958">
     <span class='ocr_line' id='line_1_20' title="bbox 207 1880 1379 1958; baseline -0.002 -16"><span class='ocrx_word' id='word_1_159' title='bbox 207 1901 303 1942; x_wconf 90' lang='lat' dir='ltr'><strong>norem</strong></span> <span class='ocrx_word' id='word_1_160' title='bbox 313 1901 403 1944; x_wconf 90' lang='lat' dir='ltr'><strong>rerum</strong></span> <span class='ocrx_word' id='word_1_161' title='bbox 416 1883 557 1942; x_wconf 84' lang='lat' dir='ltr'><strong>materiam</strong></span> <span class='ocrx_word' id='word_1_162' title='bbox 570 1884 599 1942; x_wconf 88' lang='lat' dir='ltr'><strong>iu</strong></span> <span class='ocrx_word' id='word_1_163' title='bbox 612 1881 705 1956; x_wconf 87' lang='lat' dir='ltr'><strong>ltalia,</strong></span> <span class='ocrx_word' id='word_1_164' title='bbox 726 1881 818 1940; x_wconf 78' lang='lat' dir='ltr'><strong>Africa</strong></span> <span class='ocrx_word' id='word_1_165' title='bbox 835 1881 999 1958; x_wconf 87' lang='lat' dir='ltr'><strong>Siciliaque,</strong></span> <span class='ocrx_word' id='word_1_166' title='bbox 1021 1899 1104 1958; x_wconf 89' lang='lat' dir='ltr'><strong>quam</strong></span> <span class='ocrx_word' id='word_1_167' title='bbox 1119 1880 1165 1940; x_wconf 93' lang='lat' dir='ltr'><strong>ille</strong></span> <span class='ocrx_word' id='word_1_168' title='bbox 1178 1882 1206 1940; x_wconf 94' lang='lat' dir='ltr'><strong>in</strong></span> <span class='ocrx_word' id='word_1_169' title='bbox 1220 1881 1291 1940; x_wconf 79' lang='lat' dir='ltr'><strong>Asia</strong></span> <span class='ocrx_word' id='word_1_170' title='bbox 1378 1891 1379 1900; x_wconf 60' lang='lat'>¹</span> 
     </span>
    </p>
   </div>
   <div class='ocr_carea' id='block_1_4' title="bbox 182 1965 1290 2165">
    <p class='ocr_par' dir='ltr' id='par_1_10' title="bbox 182 1965 1290 2165">
     <span class='ocr_line' id='line_1_21' title="bbox 182 1965 1290 2040; baseline -0.002 -14"><span class='ocrx_word' id='word_1_171' title='bbox 182 1971 238 2026; x_wconf 73' lang='lat' dir='ltr'><strong>iet</strong></span> <span class='ocrx_word' id='word_1_172' title='bbox 255 1968 284 2026; x_wconf 90' lang='lat' dir='ltr'><strong>in</strong></span> <span class='ocrx_word' id='word_1_173' title='bbox 304 1965 421 2040; x_wconf 90' lang='lat' dir='ltr'><strong>Persis,</strong></span> <span class='ocrx_word' id='word_1_174' title='bbox 450 1967 601 2028; x_wconf 77' lang='lat' dir='ltr'><strong>habiturus.</strong></span> <span class='ocrx_word' id='word_1_175' title='bbox 644 1967 709 2025; x_wconf 90' lang='lat' dir='ltr'><strong>Huc</strong></span> <span class='ocrx_word' id='word_1_176' title='bbox 727 1966 896 2038; x_wconf 88' lang='lat' dir='ltr'><strong>accedebat,</strong></span> <span class='ocrx_word' id='word_1_177' title='bbox 918 1966 1017 2040; x_wconf 89' lang='lat' dir='ltr'><strong>quod,</strong></span> <span class='ocrx_word' id='word_1_178' title='bbox 1039 1966 1110 2024; x_wconf 90' lang='lat' dir='ltr'><strong>sicat</strong></span> <span class='ocrx_word' id='word_1_179' title='bbox 1128 1965 1290 2025; x_wconf 79' lang='lat' dir='ltr'><strong>Alexandro</strong></span> 
     </span>
     <span class='ocr_line' id='line_1_22' title="bbox 208 2047 1290 2165; baseline 0.001 -56"><span class='ocrx_word' id='word_1_180' title='bbox 208 2049 314 2165; x_wconf 45' lang='lat' dir='ltr'><strong>{lagno</strong></span> <span class='ocrx_word' id='word_1_181' title='bbox 332 2051 468 2132; x_wconf 84' lang='lat' dir='ltr'><strong>Delphica¹</strong></span> <span class='ocrx_word' id='word_1_182' title='bbox 489 2051 600 2113; x_wconf 84' lang='lat' dir='ltr'><strong>orucrrla</strong></span> <span class='ocrx_word' id='word_1_183' title='bbox 614 2051 728 2113; x_wconf 86' lang='lat' dir='ltr'><strong>iusidias</strong></span> <span class='ocrx_word' id='word_1_184' title='bbox 750 2053 779 2110; x_wconf 91' lang='lat' dir='ltr'><strong>in</strong></span> <span class='ocrx_word' id='word_1_185' title='bbox 793 2049 975 2132; x_wconf 79' lang='lat' dir='ltr'><strong>Macedonia,</strong></span> <span class='ocrx_word' id='word_1_186' title='bbox 996 2049 1036 2108; x_wconf 87' lang='lat' dir='ltr'><strong>ita</strong></span> <span class='ocrx_word' id='word_1_187' title='bbox 1048 2047 1111 2108; x_wconf 89' lang='lat' dir='ltr'><strong>huic</strong></span> <span class='ocrx_word' id='word_1_188' title='bbox 1122 2067 1290 2156; x_wconf 79' lang='lat' dir='ltr'><strong>responsum</strong></span> 
     </span>
    </p>
   </div>
   <div class='ocr_carea' id='block_1_5' title="bbox 273 2169 466 2252">
    <p class='ocr_par' dir='ltr' id='par_1_11' title="bbox 273 2169 466 2252">
     <span class='ocr_line' id='line_1_23' title="bbox 273 2169 466 2252; baseline 0 -20"><span class='ocrx_word' id='word_1_189' title='bbox 273 2171 296 2218; x_wconf 79' lang='grc'><strong>*-</strong></span> <span class='ocrx_word' id='word_1_190' title='bbox 309 2169 466 2252; x_wconf 76' lang='lat' dir='ltr'><strong>Sopyrtcoa</strong></span> 
     </span>
    </p>
   </div>
   <div class='ocr_carea' id='block_1_6' title="bbox 140 2421 1294 2782">
    <p class='ocr_par' dir='ltr' id='par_1_12' title="bbox 140 2421 1293 2700">
     <span class='ocr_line' id='line_1_24' title="bbox 140 2421 1291 2494; baseline -0.002 -16"><span class='ocrx_word' id='word_1_191' title='bbox 140 2431 149 2444; x_wconf 71' lang='lat'>⁸</span> <span class='ocrx_word' id='word_1_192' title='bbox 236 2423 403 2494; x_wconf 75' lang='lat' dir='ltr'><strong>Sopprimia]</strong></span> <span class='ocrx_word' id='word_1_193' title='bbox 428 2423 580 2479; x_wconf 80' lang='lat' dir='ltr'><strong>LiteramS</strong></span> <span class='ocrx_word' id='word_1_194' title='bbox 603 2427 745 2494; x_wconf 82' lang='lat' dir='ltr'><strong>agnoscunt</strong></span> <span class='ocrx_word' id='word_1_195' title='bbox 767 2422 889 2494; x_wconf 90' lang='lat' dir='ltr'><strong>quicquid</strong></span> <span class='ocrx_word' id='word_1_196' title='bbox 911 2429 951 2476; x_wconf 84' lang='lat' dir='ltr'><strong>est</strong></span> <span class='ocrx_word' id='word_1_197' title='bbox 973 2421 1104 2487; x_wconf 67' lang='lat' dir='ltr'><strong>codicum</strong></span> <span class='ocrx_word' id='word_1_198' title='bbox 1134 2421 1162 2476; x_wconf 90' lang='lat' dir='ltr'><strong>iu</strong></span> <span class='ocrx_word' id='word_1_199' title='bbox 1186 2422 1291 2488; x_wconf 83' lang='lat' dir='ltr'><strong>reliquis</strong></span> 
     </span>
     <span class='ocr_line' id='line_1_25' title="bbox 168 2491 1292 2562; baseline -0.004 -15"><span class='ocrx_word' id='word_1_200' title='bbox 168 2494 307 2557; x_wconf 87' lang='lat' dir='ltr'><strong>aberrant,</strong></span> <span class='ocrx_word' id='word_1_201' title='bbox 325 2498 355 2546; x_wconf 91' lang='lat' dir='ltr'><strong>ut</strong></span> <span class='ocrx_word' id='word_1_202' title='bbox 372 2493 540 2562; x_wconf 81' lang='lat' dir='ltr'><strong>Sopborioais</strong></span> <span class='ocrx_word' id='word_1_203' title='bbox 557 2493 608 2562; x_wconf 92' lang='lat' dir='ltr'><strong>(sic</strong></span> <span class='ocrx_word' id='word_1_204' title='bbox 626 2495 738 2560; x_wconf 79' lang='lat' dir='ltr'><strong>Goth.);</strong></span> <span class='ocrx_word' id='word_1_205' title='bbox 754 2491 922 2546; x_wconf 85' lang='lat' dir='ltr'><strong>recentissimi</strong></span> <span class='ocrx_word' id='word_1_206' title='bbox 939 2499 1038 2544; x_wconf 86' lang='lat' dir='ltr'><strong>tantum</strong></span> <span class='ocrx_word' id='word_1_207' title='bbox 1056 2509 1113 2546; x_wconf 89' lang='lat' dir='ltr'><strong>cum</strong></span> <span class='ocrx_word' id='word_1_208' title='bbox 1131 2493 1192 2546; x_wconf 88' lang='lat' dir='ltr'><strong>edd.</strong></span> <span class='ocrx_word' id='word_1_209' title='bbox 1211 2501 1292 2545; x_wconf 79' lang='lat' dir='ltr'><strong>vett:</strong></span> 
     </span>
     <span class='ocr_line' id='line_1_26' title="bbox 168 2555 1293 2632; baseline -0.001 -18"><span class='ocrx_word' id='word_1_210' title='bbox 168 2562 337 2632; x_wconf 69' lang='lat' dir='ltr'><strong>zopyrionis,</strong></span> <span class='ocrx_word' id='word_1_211' title='bbox 362 2560 563 2628; x_wconf 76' lang='grc' dir='ltr'><strong><em>Ζωπυρίωνος,</em></strong></span> <span class='ocrx_word' id='word_1_212' title='bbox 588 2563 630 2618; x_wconf 77' lang='lat' dir='ltr'><strong>acl</strong></span> <span class='ocrx_word' id='word_1_213' title='bbox 656 2562 830 2630; x_wconf 78' lang='lat' dir='ltr'><strong>Zopla&#39;rioais.</strong></span> <span class='ocrx_word' id='word_1_214' title='bbox 865 2561 963 2614; x_wconf 62' lang='lat' dir='ltr'><strong>Coela</strong></span> <span class='ocrx_word' id='word_1_215' title='bbox 990 2555 1156 2627; x_wconf 73' lang='grc' dir='ltr'><strong><em>Ζάκυνθος,</em></strong></span> <span class='ocrx_word' id='word_1_216' title='bbox 1182 2563 1293 2632; x_wconf 79' lang='lat' dir='ltr'><strong>Sagara·</strong></span> 
     </span>
     <span class='ocr_line' id='line_1_27' title="bbox 167 2627 1204 2700; baseline -0.003 -15"><span class='ocrx_word' id='word_1_217' title='bbox 167 2639 238 2696; x_wconf 84' lang='lat' dir='ltr'><strong>tam,</strong></span> <span class='ocrx_word' id='word_1_218' title='bbox 258 2627 370 2698; x_wconf 71' lang='grc' dir='ltr'><strong><em>Ζῆθος,</em></strong></span> <span class='ocrx_word' id='word_1_219' title='bbox 388 2631 498 2692; x_wconf 77' lang='lat' dir='ltr'><strong>Sctlrucr</strong></span> <span class='ocrx_word' id='word_1_220' title='bbox 515 2649 540 2683; x_wconf 89' lang='lat' dir='ltr'><strong>v.</strong></span> <span class='ocrx_word' id='word_1_221' title='bbox 559 2631 712 2682; x_wconf 78' lang='lat' dir='ltr'><strong>Sebaeidcri</strong></span> <span class='ocrx_word' id='word_1_222' title='bbox 728 2645 834 2698; x_wconf 80' lang='lat' dir='ltr'><strong>gramm</strong></span> <span class='ocrx_word' id='word_1_223' title='bbox 852 2628 898 2684; x_wconf 78' lang='lat' dir='ltr'><strong>loc</strong></span> <span class='ocrx_word' id='word_1_224' title='bbox 917 2629 937 2682; x_wconf 88' lang='lat' dir='ltr'><strong>l.</strong></span> <span class='ocrx_word' id='word_1_225' title='bbox 955 2645 981 2700; x_wconf 91' lang='lat' dir='ltr'><strong>p.</strong></span> <span class='ocrx_word' id='word_1_226' title='bbox 1001 2627 1044 2684; x_wconf 76' lang='grc'><strong>41.</strong></span> <span class='ocrx_word' id='word_1_227' title='bbox 1061 2629 1123 2685; x_wconf 81' lang='grc'><strong>380.</strong></span> <span class='ocrx_word' id='word_1_228' title='bbox 1140 2628 1204 2684; x_wconf 81' lang='grc'><strong>384.</strong></span> 
     </span>
    </p>

    <p class='ocr_par' dir='ltr' id='par_1_13' title="bbox 234 2697 1294 2782">
     <span class='ocr_line' id='line_1_28' title="bbox 234 2697 1294 2782; baseline -0.002 -27"><span class='ocrx_word' id='word_1_229' title='bbox 234 2701 296 2764; x_wconf 73' lang='grc'><strong>55.</strong></span> <span class='ocrx_word' id='word_1_230' title='bbox 330 2700 460 2782; x_wconf 75' lang='lat' dir='ltr'><strong>msceptrj</strong></span> <span class='ocrx_word' id='word_1_231' title='bbox 486 2699 533 2752; x_wconf 87' lang='lat' dir='ltr'><strong>Sic</strong></span> <span class='ocrx_word' id='word_1_232' title='bbox 551 2699 625 2752; x_wconf 90' lang='lat' dir='ltr'><strong>codd.</strong></span> <span class='ocrx_word' id='word_1_233' title='bbox 645 2698 728 2768; x_wconf 85' lang='lat' dir='ltr'><strong>Bong.</strong></span> <span class='ocrx_word' id='word_1_234' title='bbox 747 2705 854 2768; x_wconf 85' lang='lat' dir='ltr'><strong>praeter</strong></span> <span class='ocrx_word' id='word_1_235' title='bbox 870 2714 947 2751; x_wconf 88' lang='lat' dir='ltr'><strong>usum</strong></span> <span class='ocrx_word' id='word_1_236' title='bbox 973 2697 1061 2756; x_wconf 83' lang='lat' dir='ltr'><strong>illam,</strong></span> <span class='ocrx_word' id='word_1_237' title='bbox 1086 2697 1207 2767; x_wconf 87' lang='lat' dir='ltr'><strong>quicum</strong></span> <span class='ocrx_word' id='word_1_238' title='bbox 1225 2699 1294 2753; x_wconf 83' lang='lat' dir='ltr'><strong>Pra-</strong></span> 
     </span>
    </p>
   </div>
   <div class='ocr_carea' id='block_1_7' title="bbox 79 2766 1294 2838">
    <p class='ocr_par' dir='ltr' id='par_1_14' title="bbox 79 2766 1294 2838">
     <span class='ocr_line' id='line_1_29' title="bbox 79 2766 1294 2838; baseline 0 -18"><span class='ocrx_word' id='word_1_239' title='bbox 79 2791 82 2799; x_wconf 80' lang='lat'><strong>,</strong></span> <span class='ocrx_word' id='word_1_240' title='bbox 167 2766 242 2838; x_wconf 83' lang='lat' dir='ltr'><strong>gensi</strong></span> <span class='ocrx_word' id='word_1_241' title='bbox 260 2769 317 2822; x_wconf 83' lang='lat' dir='ltr'><strong>iere</strong></span> <span class='ocrx_word' id='word_1_242' title='bbox 341 2772 477 2824; x_wconf 75' lang='lat' dir='ltr'><strong>consenui.</strong></span> <span class='ocrx_word' id='word_1_243' title='bbox 519 2769 654 2838; x_wconf 76' lang='lat' dir='ltr'><strong>Suscipere</strong></span> <span class='ocrx_word' id='word_1_244' title='bbox 676 2768 779 2838; x_wconf 88' lang='lat' dir='ltr'><strong>quidem</strong></span> <span class='ocrx_word' id='word_1_245' title='bbox 804 2769 918 2824; x_wconf 81' lang='lat' dir='ltr'><strong>dolorem</strong></span> <span class='ocrx_word' id='word_1_246' title='bbox 942 2766 997 2819; x_wconf 91' lang='lat' dir='ltr'><strong>dici</strong></span> <span class='ocrx_word' id='word_1_247' title='bbox 1017 2767 1101 2829; x_wconf 84' lang='lat' dir='ltr'><strong>solet,</strong></span> <span class='ocrx_word' id='word_1_248' title='bbox 1132 2767 1176 2834; x_wconf 80' lang='lat' dir='ltr'><strong>qai</strong></span> <span class='ocrx_word' id='word_1_249' title='bbox 1199 2773 1294 2835; x_wconf 87' lang='lat' dir='ltr'><strong>spuatc</strong></span> 
     </span>
    </p>
   </div>
   <div class='ocr_carea' id='block_1_8' title="bbox 104 2834 1295 3316">
    <p class='ocr_par' dir='ltr' id='par_1_15' title="bbox 104 2834 1295 3316">
     <span class='ocr_line' id='line_1_30' title="bbox 168 2834 1292 2909; baseline 0 -19"><span class='ocrx_word' id='word_1_250' title='bbox 168 2837 276 2892; x_wconf 87' lang='lat' dir='ltr'><strong>eundem</strong></span> <span class='ocrx_word' id='word_1_251' title='bbox 294 2839 367 2909; x_wconf 84' lang='lat' dir='ltr'><strong>capit</strong></span> <span class='ocrx_word' id='word_1_252' title='bbox 387 2846 415 2892; x_wconf 85' lang='lat' dir='ltr'><strong>st</strong></span> <span class='ocrx_word' id='word_1_253' title='bbox 432 2837 518 2891; x_wconf 85' lang='lat' dir='ltr'><strong>voleus</strong></span> <span class='ocrx_word' id='word_1_254' title='bbox 540 2836 658 2892; x_wconf 85' lang='lat' dir='ltr'><strong>succedit</strong></span> <span class='ocrx_word' id='word_1_255' title='bbox 682 2837 759 2890; x_wconf 74' lang='lat' dir='ltr'><strong>mimi</strong></span> <span class='ocrx_word' id='word_1_256' title='bbox 785 2835 883 2902; x_wconf 89' lang='lat' dir='ltr'><strong>labori,</strong></span> <span class='ocrx_word' id='word_1_257' title='bbox 909 2843 940 2888; x_wconf 89' lang='lat' dir='ltr'><strong>ut</strong></span> <span class='ocrx_word' id='word_1_258' title='bbox 961 2835 1016 2888; x_wconf 88' lang='lat' dir='ltr'><strong>Cic.</strong></span> <span class='ocrx_word' id='word_1_259' title='bbox 1035 2834 1068 2888; x_wconf 90' lang='lat' dir='ltr'><strong>da</strong></span> <span class='ocrx_word' id='word_1_260' title='bbox 1091 2835 1175 2888; x_wconf 81' lang='lat' dir='ltr'><strong>Finib.</strong></span> <span class='ocrx_word' id='word_1_261' title='bbox 1197 2835 1227 2898; x_wconf 85' lang='lat'><strong>1,</strong></span> <span class='ocrx_word' id='word_1_262' title='bbox 1245 2835 1292 2890; x_wconf 69' lang='lat'><strong>24„</strong></span> 
     </span>
     <span class='ocr_line' id='line_1_31' title="bbox 168 2902 1294 2976; baseline -0.002 -18"><span class='ocrx_word' id='word_1_263' title='bbox 168 2906 247 2960; x_wconf 85' lang='lat' dir='ltr'><strong>Taso.</strong></span> <span class='ocrx_word' id='word_1_264' title='bbox 285 2913 366 2962; x_wconf 88' lang='lat' dir='ltr'><strong>uaest.</strong></span> <span class='ocrx_word' id='word_1_265' title='bbox 384 2905 412 2970; x_wconf 90' lang='lat'><strong>1,</strong></span> <span class='ocrx_word' id='word_1_266' title='bbox 428 2905 479 2970; x_wconf 75' lang='lat'><strong>463</strong></span> <span class='ocrx_word' id='word_1_267' title='bbox 511 2908 556 2960; x_wconf 89' lang='lat' dir='ltr'><strong>scd</strong></span> <span class='ocrx_word' id='word_1_268' title='bbox 572 2923 749 2976; x_wconf 85' lang='lat' dir='ltr'><strong>nonuunquam</strong></span> <span class='ocrx_word' id='word_1_269' title='bbox 765 2906 894 2972; x_wconf 74' lang='lat' dir='ltr'><strong>accipere</strong></span> <span class='ocrx_word' id='word_1_270' title='bbox 910 2903 937 2958; x_wconf 89' lang='lat' dir='ltr'><strong>in</strong></span> <span class='ocrx_word' id='word_1_271' title='bbox 956 2903 1044 2956; x_wconf 88' lang='lat' dir='ltr'><strong>eadem</strong></span> <span class='ocrx_word' id='word_1_272' title='bbox 1060 2903 1189 2958; x_wconf 86' lang='lat' dir='ltr'><strong>locutione</strong></span> <span class='ocrx_word' id='word_1_273' title='bbox 1205 2902 1294 2974; x_wconf 79' lang='lat' dir='ltr'><strong>expli-</strong></span> 
     </span>
     <span class='ocr_line' id='line_1_32' title="bbox 168 2924 1295 3049; baseline -0.002 -22"><span class='ocrx_word' id='word_1_274' title='bbox 168 2974 229 3027; x_wconf 87' lang='lat' dir='ltr'><strong>cari·</strong></span> <span class='ocrx_word' id='word_1_275' title='bbox 240 2924 320 3030; x_wconf 77' lang='lat' dir='ltr'><strong>debes</strong></span> <span class='ocrx_word' id='word_1_276' title='bbox 336 2977 423 3049; x_wconf 78' lang='lat' dir='ltr'><strong>animp</strong></span> <span class='ocrx_word' id='word_1_277' title='bbox 441 2976 586 3043; x_wconf 84' lang='lat' dir='ltr'><strong>concipere,</strong></span> <span class='ocrx_word' id='word_1_278' title='bbox 604 2982 634 3026; x_wconf 92' lang='lat' dir='ltr'><strong>ut</strong></span> <span class='ocrx_word' id='word_1_279' title='bbox 652 2975 708 3028; x_wconf 82' lang='lat' dir='ltr'><strong>Cic.</strong></span> <span class='ocrx_word' id='word_1_280' title='bbox 726 2991 765 3028; x_wconf 89' lang='lat' dir='ltr'><strong>or.</strong></span> <span class='ocrx_word' id='word_1_281' title='bbox 783 2975 810 3026; x_wconf 91' lang='lat' dir='ltr'><strong>in</strong></span> <span class='ocrx_word' id='word_1_282' title='bbox 828 2973 913 3025; x_wconf 84' lang='lat' dir='ltr'><strong>Vatia.</strong></span> <span class='ocrx_word' id='word_1_283' title='bbox 932 2974 965 3037; x_wconf 84' lang='lat'><strong>8,</strong></span> <span class='ocrx_word' id='word_1_284' title='bbox 984 2974 1064 3037; x_wconf 71' lang='lat'><strong>§192</strong></span> <span class='ocrx_word' id='word_1_285' title='bbox 1086 2981 1134 3035; x_wconf 87' lang='lat' dir='ltr'><strong>ut,</strong></span> <span class='ocrx_word' id='word_1_286' title='bbox 1152 2974 1295 3042; x_wconf 80' lang='lat' dir='ltr'><strong>pcicuapac</strong></span> 
     </span>
     <span class='ocr_line' id='line_1_33' title="bbox 167 3043 1295 3124; baseline -0.001 -29"><span class='ocrx_word' id='word_1_287' title='bbox 167 3050 195 3096; x_wconf 84' lang='lat' dir='ltr'><strong>ta</strong></span> <span class='ocrx_word' id='word_1_288' title='bbox 212 3045 385 3114; x_wconf 75' lang='lat' dir='ltr'><strong>disperisset,</strong></span> <span class='ocrx_word' id='word_1_289' title='bbox 411 3046 583 3113; x_wconf 84' lang='lat' dir='ltr'><strong>duplicem</strong></span> <span class='ocrx_word' id='word_1_290' title='bbox 604 3043 758 3096; x_wconf 85' lang='lat' dir='ltr'><strong>dolorem</strong></span> <span class='ocrx_word' id='word_1_291' title='bbox 781 3043 1011 3124; x_wconf 74' lang='lat' dir='ltr'><strong>gemitumque</strong></span> <span class='ocrx_word' id='word_1_292' title='bbox 1036 3043 1251 3110; x_wconf 83' lang='lat' dir='ltr'><strong>susciperet,</strong></span> <span class='ocrx_word' id='word_1_293' title='bbox 1267 3049 1295 3094; x_wconf 83' lang='lat' dir='ltr'><strong>et</strong></span> 
     </span>
     <span class='ocr_line' id='line_1_34' title="bbox 168 3109 1295 3180; baseline 0.003 -19"><span class='ocrx_word' id='word_1_294' title='bbox 168 3127 199 3162; x_wconf 82' lang='lat' dir='ltr'><strong>ea</strong></span> <span class='ocrx_word' id='word_1_295' title='bbox 212 3111 350 3168; x_wconf 81' lang='lat' dir='ltr'><strong>desiderio</strong></span> <span class='ocrx_word' id='word_1_296' title='bbox 375 3114 512 3167; x_wconf 79' lang='lat' dir='ltr'><strong>clarissimi</strong></span> <span class='ocrx_word' id='word_1_297' title='bbox 535 3120 562 3166; x_wconf 88' lang='lat' dir='ltr'><strong>ct</strong></span> <span class='ocrx_word' id='word_1_298' title='bbox 581 3112 725 3178; x_wconf 76' lang='lat' dir='ltr'><strong>fortissimi</strong></span> <span class='ocrx_word' id='word_1_299' title='bbox 748 3111 811 3162; x_wconf 72' lang='lat' dir='ltr'><strong>ciuis</strong></span> <span class='ocrx_word' id='word_1_300' title='bbox 833 3118 859 3164; x_wconf 85' lang='lat' dir='ltr'><strong>ct</strong></span> <span class='ocrx_word' id='word_1_301' title='bbox 886 3127 917 3162; x_wconf 77' lang='lat' dir='ltr'><strong>aa</strong></span> <span class='ocrx_word' id='word_1_302' title='bbox 941 3109 1038 3162; x_wconf 82' lang='lat' dir='ltr'><strong>licaore</strong></span> <span class='ocrx_word' id='word_1_303' title='bbox 1055 3111 1199 3177; x_wconf 77' lang='lat' dir='ltr'><strong>turpissimi</strong></span> <span class='ocrx_word' id='word_1_304' title='bbox 1216 3119 1295 3180; x_wconf 63' lang='lat' dir='ltr'><strong>mque</strong></span> 
     </span>
     <span class='ocr_line' id='line_1_35' title="bbox 104 3177 1295 3247; baseline 0.003 -19"><span class='ocrx_word' id='word_1_305' title='bbox 104 3183 106 3188; x_wconf 90' lang='lat'>&#39;</span> <span class='ocrx_word' id='word_1_306' title='bbox 168 3177 356 3244; x_wconf 84' lang='lat' dir='ltr'><strong>improbissimi.</strong></span> <span class='ocrx_word' id='word_1_307' title='bbox 393 3182 542 3236; x_wconf 79' lang='lat' dir='ltr'><strong>Gronovius</strong></span> <span class='ocrx_word' id='word_1_308' title='bbox 567 3199 583 3233; x_wconf 92' lang='lat' dir='ltr'><strong>e</strong></span> <span class='ocrx_word' id='word_1_309' title='bbox 608 3180 699 3233; x_wconf 88' lang='lat' dir='ltr'><strong>tabula</strong></span> <span class='ocrx_word' id='word_1_310' title='bbox 722 3179 816 3232; x_wconf 85' lang='lat' dir='ltr'><strong>Pisana</strong></span> <span class='ocrx_word' id='word_1_311' title='bbox 838 3178 954 3247; x_wconf 72' lang='lat' dir='ltr'><strong>proferte</strong></span> <span class='ocrx_word' id='word_1_312' title='bbox 978 3179 1091 3231; x_wconf 82' lang='lat' dir='ltr'><strong>nondam</strong></span> <span class='ocrx_word' id='word_1_313' title='bbox 1110 3181 1198 3246; x_wconf 74' lang='lat' dir='ltr'><strong>priato</strong></span> <span class='ocrx_word' id='word_1_314' title='bbox 1216 3181 1295 3242; x_wconf 82' lang='lat' dir='ltr'><strong>iacta,</strong></span> 
     </span>
     <span class='ocr_line' id='line_1_36' title="bbox 169 3245 1295 3316; baseline 0.004 -21"><span class='ocrx_word' id='word_1_315' title='bbox 169 3261 243 3312; x_wconf 84' lang='lat' dir='ltr'><strong>pacm</strong></span> <span class='ocrx_word' id='word_1_316' title='bbox 259 3263 290 3298; x_wconf 80' lang='lat' dir='ltr'><strong>cc</strong></span> <span class='ocrx_word' id='word_1_317' title='bbox 307 3249 411 3301; x_wconf 82' lang='lat' dir='ltr'><strong>decessu</strong></span> <span class='ocrx_word' id='word_1_318' title='bbox 436 3251 469 3302; x_wconf 76' lang='lat' dir='ltr'><strong>L.</strong></span> <span class='ocrx_word' id='word_1_319' title='bbox 489 3251 609 3303; x_wconf 77' lang='lat' dir='ltr'><strong>Caesaris</strong></span> <span class='ocrx_word' id='word_1_320' title='bbox 632 3251 755 3302; x_wconf 77' lang='lat' dir='ltr'><strong>uniuersa</strong></span> <span class='ocrx_word' id='word_1_321' title='bbox 778 3248 879 3300; x_wconf 84' lang='lat' dir='ltr'><strong>colonia</strong></span> <span class='ocrx_word' id='word_1_322' title='bbox 900 3254 1055 3314; x_wconf 80' lang='lat' dir='ltr'><strong>susceperat.</strong></span> <span class='ocrx_word' id='word_1_323' title='bbox 1090 3245 1202 3300; x_wconf 78' lang='lat' dir='ltr'><strong>Frustra</strong></span> <span class='ocrx_word' id='word_1_324' title='bbox 1215 3247 1295 3316; x_wconf 82' lang='lat' dir='ltr'><strong>igitur</strong></span> 
     </span>
    </p>
   </div>
   <div class='ocr_carea' id='block_1_9' title="bbox 171 3313 1378 3385">
    <p class='ocr_par' dir='ltr' id='par_1_16' title="bbox 171 3313 1378 3385">
     <span class='ocr_line' id='line_1_37' title="bbox 171 3313 1378 3385; baseline 0.003 -21"><span class='ocrx_word' id='word_1_325' title='bbox 171 3328 204 3364; x_wconf 83' lang='lat' dir='ltr'><strong>ex</strong></span> <span class='ocrx_word' id='word_1_326' title='bbox 221 3315 238 3367; x_wconf 88' lang='lat'>8</span> <span class='ocrx_word' id='word_1_327' title='bbox 255 3331 323 3367; x_wconf 86' lang='lat' dir='ltr'><strong>racc.</strong></span> <span class='ocrx_word' id='word_1_328' title='bbox 341 3316 416 3370; x_wconf 87' lang='lat' dir='ltr'><strong>codd.</strong></span> <span class='ocrx_word' id='word_1_329' title='bbox 434 3317 515 3384; x_wconf 87' lang='lat' dir='ltr'><strong>(adde</strong></span> <span class='ocrx_word' id='word_1_330' title='bbox 534 3320 633 3384; x_wconf 69' lang='lat' dir='ltr'><strong>Geta,</strong></span> <span class='ocrx_word' id='word_1_331' title='bbox 651 3318 745 3381; x_wconf 81' lang='lat' dir='ltr'><strong>Grac,</strong></span> <span class='ocrx_word' id='word_1_332' title='bbox 763 3318 779 3371; x_wconf 87' lang='lat'>1</span> <span class='ocrx_word' id='word_1_333' title='bbox 799 3317 898 3384; x_wconf 66' lang='lat' dir='ltr'><strong>song„</strong></span> <span class='ocrx_word' id='word_1_334' title='bbox 916 3315 1010 3382; x_wconf 85' lang='lat' dir='ltr'><strong>Prag.)</strong></span> <span class='ocrx_word' id='word_1_335' title='bbox 1027 3313 1178 3370; x_wconf 83' lang='lat' dir='ltr'><strong>ediderunt:</strong></span> <span class='ocrx_word' id='word_1_336' title='bbox 1201 3318 1280 3385; x_wconf 86' lang='lat' dir='ltr'><strong>capit.</strong></span> <span class='ocrx_word' id='word_1_337' title='bbox 1377 3314 1378 3350; x_wconf 65' lang='lat' dir='ltr'><strong>l</strong></span> 
     </span>
    </p>
   </div>
   <div class='ocr_carea' id='block_1_10' title="bbox 102 3383 1377 3936">
    <p class='ocr_par' dir='ltr' id='par_1_17' title="bbox 171 3383 1296 3524">
     <span class='ocr_line' id='line_1_38' title="bbox 238 3383 1296 3456; baseline -0.003 -19"><span class='ocrx_word' id='word_1_338' title='bbox 238 3383 296 3452; x_wconf 60' lang='lat' dir='ltr'><strong>St·</strong></span> <span class='ocrx_word' id='word_1_339' title='bbox 328 3391 391 3452; x_wconf 87' lang='lat' dir='ltr'><strong>post</strong></span> <span class='ocrx_word' id='word_1_340' title='bbox 404 3387 528 3453; x_wconf 79' lang='lat' dir='ltr'><strong>profect]</strong></span> <span class='ocrx_word' id='word_1_341' title='bbox 548 3393 645 3456; x_wconf 89' lang='lat' dir='ltr'><strong>septem</strong></span> <span class='ocrx_word' id='word_1_342' title='bbox 663 3384 771 3456; x_wconf 89' lang='lat' dir='ltr'><strong>quidem</strong></span> <span class='ocrx_word' id='word_1_343' title='bbox 780 3383 853 3438; x_wconf 85' lang='lat' dir='ltr'><strong>aunis</strong></span> <span class='ocrx_word' id='word_1_344' title='bbox 870 3389 943 3456; x_wconf 83' lang='lat' dir='ltr'><strong>post;</strong></span> <span class='ocrx_word' id='word_1_345' title='bbox 960 3383 1005 3437; x_wconf 85' lang='grc'><strong>01.</strong></span> <span class='ocrx_word' id='word_1_346' title='bbox 1024 3383 1128 3448; x_wconf 56' lang='lat' dir='ltr'><strong>lim</strong></span> <span class='ocrx_word' id='word_1_347' title='bbox 1146 3402 1173 3438; x_wconf 86' lang='lat' dir='ltr'><strong>a.</strong></span> <span class='ocrx_word' id='word_1_348' title='bbox 1186 3383 1219 3439; x_wconf 85' lang='lat' dir='ltr'><strong>(l.</strong></span> <span class='ocrx_word' id='word_1_349' title='bbox 1234 3387 1296 3440; x_wconf 80' lang='grc'><strong>330.</strong></span> 
     </span>
     <span class='ocr_line' id='line_1_39' title="bbox 171 3447 1162 3524; baseline 0.014 -24"><span class='ocrx_word' id='word_1_350' title='bbox 171 3447 214 3516; x_wconf 87' lang='lat' dir='ltr'><strong>(S.</strong></span> <span class='ocrx_word' id='word_1_351' title='bbox 232 3449 262 3501; x_wconf 80' lang='lat' dir='ltr'><strong>G.</strong></span> <span class='ocrx_word' id='word_1_352' title='bbox 282 3467 388 3504; x_wconf 78' lang='lat' dir='ltr'><strong>eramen</strong></span> <span class='ocrx_word' id='word_1_353' title='bbox 406 3451 515 3520; x_wconf 79' lang='lat' dir='ltr'><strong>critique</strong></span> <span class='ocrx_word' id='word_1_354' title='bbox 532 3469 558 3522; x_wconf 85' lang='lat' dir='ltr'><strong>p.</strong></span> <span class='ocrx_word' id='word_1_355' title='bbox 572 3457 621 3510; x_wconf 68' lang='lat' dir='ltr'><strong>dil</strong></span> <span class='ocrx_word' id='word_1_356' title='bbox 640 3455 713 3524; x_wconf 84' lang='lat' dir='ltr'><strong>sqq.)</strong></span> <span class='ocrx_word' id='word_1_357' title='bbox 1158 3503 1162 3514; x_wconf 69' lang='grc'><strong>.</strong></span> 
     </span>
    </p>

    <p class='ocr_par' dir='ltr' id='par_1_18' title="bbox 102 3517 1295 3726">
     <span class='ocr_line' id='line_1_40' title="bbox 237 3517 1295 3602; baseline 0 -30"><span class='ocrx_word' id='word_1_358' title='bbox 237 3520 255 3582; x_wconf 82' lang='lat'>§</span> <span class='ocrx_word' id='word_1_359' title='bbox 271 3517 298 3572; x_wconf 83' lang='grc'><strong>7.</strong></span> <span class='ocrx_word' id='word_1_360' title='bbox 333 3525 359 3573; x_wconf 85' lang='lat' dir='ltr'><strong>ct</strong></span> <span class='ocrx_word' id='word_1_361' title='bbox 374 3521 485 3602; x_wconf 88' lang='lat' dir='ltr'><strong>pacem]</strong></span> <span class='ocrx_word' id='word_1_362' title='bbox 509 3519 607 3590; x_wconf 77' lang='lat' dir='ltr'><strong>Bongr</strong></span> <span class='ocrx_word' id='word_1_363' title='bbox 623 3539 736 3591; x_wconf 83' lang='lat' dir='ltr'><strong>paoem3</strong></span> <span class='ocrx_word' id='word_1_364' title='bbox 758 3521 804 3576; x_wconf 86' lang='lat' dir='ltr'><strong>sed</strong></span> <span class='ocrx_word' id='word_1_365' title='bbox 821 3519 885 3574; x_wconf 89' lang='lat' dir='ltr'><strong>illud</strong></span> <span class='ocrx_word' id='word_1_366' title='bbox 903 3518 1015 3574; x_wconf 84' lang='lat' dir='ltr'><strong>ciusdem</strong></span> <span class='ocrx_word' id='word_1_367' title='bbox 1036 3537 1094 3574; x_wconf 83' lang='lat' dir='ltr'><strong>mas.</strong></span> <span class='ocrx_word' id='word_1_368' title='bbox 1112 3526 1140 3574; x_wconf 88' lang='lat' dir='ltr'><strong>ct</strong></span> <span class='ocrx_word' id='word_1_369' title='bbox 1161 3521 1192 3578; x_wconf 92' lang='grc'><strong>11</strong></span> <span class='ocrx_word' id='word_1_370' title='bbox 1212 3521 1295 3574; x_wconf 85' lang='lat' dir='ltr'><strong>Gran.</strong></span> 
     </span>
     <span class='ocr_line' id='line_1_41' title="bbox 136 3584 829 3643; baseline 0.004 -5"><span class='ocrx_word' id='word_1_371' title='bbox 136 3607 140 3614; x_wconf 71' lang='grc'>’</span> <span class='ocrx_word' id='word_1_372' title='bbox 170 3605 193 3639; x_wconf 89' lang='lat' dir='ltr'><strong>c.</strong></span> <span class='ocrx_word' id='word_1_373' title='bbox 211 3584 314 3639; x_wconf 78' lang='lat' dir='ltr'><strong>aliisct</strong></span> <span class='ocrx_word' id='word_1_374' title='bbox 328 3588 415 3643; x_wconf 85' lang='lat' dir='ltr'><strong>ruebas</strong></span> <span class='ocrx_word' id='word_1_375' title='bbox 431 3594 477 3640; x_wconf 84' lang='lat' dir='ltr'><strong>est.</strong></span> <span class='ocrx_word' id='word_1_376' title='bbox 827 3631 829 3636; x_wconf 86' lang='lat'><em>.</em></span> 
     </span>
     <span class='ocr_line' id='line_1_42' title="bbox 102 3656 860 3726; baseline 0.005 -17"><span class='ocrx_word' id='word_1_377' title='bbox 102 3659 109 3666; x_wconf 82' lang='grc'><em>”</em></span> <span class='ocrx_word' id='word_1_378' title='bbox 238 3657 298 3722; x_wconf 73' lang='lat' dir='ltr'><strong>§a</strong></span> <span class='ocrx_word' id='word_1_379' title='bbox 324 3658 438 3726; x_wconf 73' lang='lat' dir='ltr'><strong>damea]</strong></span> <span class='ocrx_word' id='word_1_380' title='bbox 458 3656 553 3710; x_wconf 78' lang='lat' dir='ltr'><strong>cota:</strong></span> <span class='ocrx_word' id='word_1_381' title='bbox 571 3657 667 3726; x_wconf 81' lang='lat' dir='ltr'><strong>itaque.</strong></span> <span class='ocrx_word' id='word_1_382' title='bbox 778 3709 781 3717; x_wconf 82' lang='grc'><strong>,</strong></span> <span class='ocrx_word' id='word_1_383' title='bbox 855 3715 860 3724; x_wconf 67' lang='grc'><strong>,</strong></span> 
     </span>
    </p>

    <p class='ocr_par' dir='ltr' id='par_1_19' title="bbox 169 3721 1377 3936">
     <span class='ocr_line' id='line_1_43' title="bbox 238 3721 1300 3796; baseline 0.002 -20"><span class='ocrx_word' id='word_1_384' title='bbox 238 3721 322 3777; x_wconf 75' lang='grc'>(111.</span> <span class='ocrx_word' id='word_1_385' title='bbox 341 3727 357 3789; x_wconf 76' lang='lat' dir='ltr'>S</span> <span class='ocrx_word' id='word_1_386' title='bbox 376 3727 400 3779; x_wconf 85' lang='lat'><strong>1.</strong></span> <span class='ocrx_word' id='word_1_387' title='bbox 434 3727 598 3791; x_wconf 78' lang='lat' dir='ltr'><strong>Alexander,</strong></span> <span class='ocrx_word' id='word_1_388' title='bbox 616 3745 661 3780; x_wconf 84' lang='lat' dir='ltr'><strong>rec</strong></span> <span class='ocrx_word' id='word_1_389' title='bbox 677 3726 773 3796; x_wconf 79' lang='lat' dir='ltr'><strong>Epiri]</strong></span> <span class='ocrx_word' id='word_1_390' title='bbox 797 3725 873 3780; x_wconf 84' lang='lat' dir='ltr'><strong>Livio</strong></span> <span class='ocrx_word' id='word_1_391' title='bbox 890 3731 958 3780; x_wconf 87' lang='lat' dir='ltr'><strong>teste</strong></span> <span class='ocrx_word' id='word_1_392' title='bbox 976 3725 1072 3796; x_wconf 84' lang='lat' dir='ltr'><strong>(vm,</strong></span> <span class='ocrx_word' id='word_1_393' title='bbox 1090 3727 1127 3794; x_wconf 80' lang='grc'><strong>8)</strong></span> <span class='ocrx_word' id='word_1_394' title='bbox 1146 3726 1253 3781; x_wconf 83' lang='lat' dir='ltr'><strong>classem</strong></span> <span class='ocrx_word' id='word_1_395' title='bbox 1271 3726 1300 3779; x_wconf 89' lang='lat' dir='ltr'><strong>ia·</strong></span> 
     </span>
     <span class='ocr_line' id='line_1_44' title="bbox 169 3791 1298 3866; baseline 0.004 -21"><span class='ocrx_word' id='word_1_396' title='bbox 169 3791 270 3846; x_wconf 84' lang='lat' dir='ltr'><strong>Italiam</strong></span> <span class='ocrx_word' id='word_1_397' title='bbox 289 3791 389 3862; x_wconf 89' lang='lat' dir='ltr'><strong>appulit</strong></span> <span class='ocrx_word' id='word_1_398' title='bbox 405 3809 429 3850; x_wconf 86' lang='lat' dir='ltr'><strong>a.</strong></span> <span class='ocrx_word' id='word_1_399' title='bbox 447 3795 481 3848; x_wconf 91' lang='lat' dir='ltr'><strong>U.</strong></span> <span class='ocrx_word' id='word_1_400' title='bbox 500 3794 559 3862; x_wconf 82' lang='lat'><strong>415,</strong></span> <span class='ocrx_word' id='word_1_401' title='bbox 579 3814 602 3848; x_wconf 89' lang='lat' dir='ltr'><strong>a.</strong></span> <span class='ocrx_word' id='word_1_402' title='bbox 620 3798 651 3849; x_wconf 83' lang='lat' dir='ltr'><strong>C.</strong></span> <span class='ocrx_word' id='word_1_403' title='bbox 669 3799 738 3866; x_wconf 79' lang='lat'><strong>³39,</strong></span> <span class='ocrx_word' id='word_1_404' title='bbox 756 3795 860 3849; x_wconf 90' lang='lat' dir='ltr'><strong>biennio</strong></span> <span class='ocrx_word' id='word_1_405' title='bbox 879 3803 940 3848; x_wconf 87' lang='lat' dir='ltr'><strong>cate</strong></span> <span class='ocrx_word' id='word_1_406' title='bbox 957 3795 1061 3866; x_wconf 87' lang='lat' dir='ltr'><strong>nuptias</strong></span> <span class='ocrx_word' id='word_1_407' title='bbox 1079 3811 1136 3850; x_wconf 89' lang='lat' dir='ltr'><strong>curn</strong></span> <span class='ocrx_word' id='word_1_408' title='bbox 1155 3797 1298 3866; x_wconf 81' lang='lat' dir='ltr'><strong>Cleopatra</strong></span> 
     </span>
     <span class='ocr_line' id='line_1_45' title="bbox 169 3859 1377 3936; baseline 0.002 -22"><span class='ocrx_word' id='word_1_409' title='bbox 169 3859 304 3932; x_wconf 81' lang='lat' dir='ltr'><strong>Pliilippi3</strong></span> <span class='ocrx_word' id='word_1_410' title='bbox 321 3861 391 3930; x_wconf 86' lang='lat' dir='ltr'><strong>quod</strong></span> <span class='ocrx_word' id='word_1_411' title='bbox 409 3879 501 3932; x_wconf 89' lang='lat' dir='ltr'><strong>parum</strong></span> <span class='ocrx_word' id='word_1_412' title='bbox 518 3863 655 3919; x_wconf 71' lang='lat' dir='ltr'><strong>iedsimile</strong></span> <span class='ocrx_word' id='word_1_413' title='bbox 673 3871 720 3920; x_wconf 88' lang='lat' dir='ltr'><strong>est.</strong></span> <span class='ocrx_word' id='word_1_414' title='bbox 756 3864 1013 3927; x_wconf 79' lang='lat' dir='ltr'><strong>Sancto-crucias,</strong></span> <span class='ocrx_word' id='word_1_415' title='bbox 1027 3863 1113 3918; x_wconf 82' lang='lat' dir='ltr'><strong>nescio</strong></span> <span class='ocrx_word' id='word_1_416' title='bbox 1133 3883 1200 3936; x_wconf 82' lang='lat' dir='ltr'><strong>quus</strong></span> <span class='ocrx_word' id='word_1_417' title='bbox 1217 3864 1297 3920; x_wconf 82' lang='lat' dir='ltr'><strong>ratio-</strong></span> <span class='ocrx_word' id='word_1_418' title='bbox 1376 3903 1377 3906; x_wconf 66' lang='lat'><strong>,</strong></span> 
     </span>
    </p>
   </div>
   <div class='ocr_carea' id='block_1_11' title="bbox 60 3929 1032 4003">
    <p class='ocr_par' dir='ltr' id='par_1_20' title="bbox 60 3929 1032 4003">
     <span class='ocr_line' id='line_1_46' title="bbox 60 3929 1032 4003; baseline 0.004 -21"><span class='ocrx_word' id='word_1_419' title='bbox 60 3929 64 3942; x_wconf 87' lang='lat'>&#39;</span> <span class='ocrx_word' id='word_1_420' title='bbox 112 3935 117 3944; x_wconf 80' lang='lat'>&#39;</span> <span class='ocrx_word' id='word_1_421' title='bbox 170 3936 354 3995; x_wconf 73' lang='lat' dir='ltr'><strong>arescemus,</strong></span> <span class='ocrx_word' id='word_1_422' title='bbox 372 3947 429 3984; x_wconf 87' lang='lat' dir='ltr'><strong>euru</strong></span> <span class='ocrx_word' id='word_1_423' title='bbox 446 3932 580 3986; x_wconf 84' lang='lat' dir='ltr'><strong>transitum</strong></span> <span class='ocrx_word' id='word_1_424' title='bbox 598 3935 672 4003; x_wconf 91' lang='lat' dir='ltr'><strong>pouit</strong></span> <span class='ocrx_word' id='word_1_425' title='bbox 688 3933 733 3988; x_wconf 89' lang='grc'><strong>01.</strong></span> <span class='ocrx_word' id='word_1_426' title='bbox 752 3935 818 3996; x_wconf 86' lang='grc'>111,</span> <span class='ocrx_word' id='word_1_427' title='bbox 831 3933 863 3987; x_wconf 83' lang='grc'><strong>’3.</strong></span> <span class='ocrx_word' id='word_1_428' title='bbox 882 3949 905 3988; x_wconf 88' lang='lat' dir='ltr'><strong>a.</strong></span> <span class='ocrx_word' id='word_1_429' title='bbox 923 3933 954 3990; x_wconf 86' lang='lat' dir='ltr'><strong>(l.</strong></span> <span class='ocrx_word' id='word_1_430' title='bbox 972 3930 1032 3990; x_wconf 75' lang='grc'><strong>834.</strong></span> 
     </span>
    </p>
   </div>
   <div class='ocr_carea' id='block_1_12' title="bbox 106 3999 1300 4142">
    <p class='ocr_par' dir='ltr' id='par_1_21' title="bbox 106 3999 1300 4142">
     <span class='ocr_line' id='line_1_47' title="bbox 156 3999 1300 4122; baseline 0 -67"><span class='ocrx_word' id='word_1_431' title='bbox 156 4005 161 4014; x_wconf 82' lang='lat'><strong><em>‘</em></strong></span> <span class='ocrx_word' id='word_1_432' title='bbox 237 4003 254 4066; x_wconf 77' lang='grc'>5</span> <span class='ocrx_word' id='word_1_433' title='bbox 271 4001 299 4055; x_wconf 83' lang='grc'><strong>3.</strong></span> <span class='ocrx_word' id='word_1_434' title='bbox 316 4001 360 4056; x_wconf 81' lang='lat' dir='ltr'><strong>,ia</strong></span> <span class='ocrx_word' id='word_1_435' title='bbox 377 3999 656 4122; x_wconf 41' lang='lat' dir='ltr'><strong>MacedoaiakMargo</strong></span> <span class='ocrx_word' id='word_1_436' title='bbox 673 4001 729 4056; x_wconf 86' lang='lat' dir='ltr'><strong>eod.</strong></span> <span class='ocrx_word' id='word_1_437' title='bbox 748 4000 847 4054; x_wconf 73' lang='lat' dir='ltr'><strong>Perias</strong></span> <span class='ocrx_word' id='word_1_438' title='bbox 866 4001 967 4066; x_wconf 88' lang='lat' dir='ltr'><strong>„immo</strong></span> <span class='ocrx_word' id='word_1_439' title='bbox 984 4001 1012 4054; x_wconf 91' lang='lat' dir='ltr'><strong>iu</strong></span> <span class='ocrx_word' id='word_1_440' title='bbox 1025 4001 1214 4068; x_wconf 44' lang='lat' dir='ltr'><strong>Babyloni&amp;</strong></span> <span class='ocrx_word' id='word_1_441' title='bbox 1230 3999 1300 4072; x_wconf 85' lang='lat' dir='ltr'><strong>quod</strong></span> 
     </span>
     <span class='ocr_line' id='line_1_48' title="bbox 106 4065 845 4142; baseline 0.008 -26"><span class='ocrx_word' id='word_1_442' title='bbox 106 4101 111 4116; x_wconf 83' lang='grc'><strong>.</strong></span> <span class='ocrx_word' id='word_1_443' title='bbox 170 4065 222 4120; x_wconf 90' lang='lat' dir='ltr'><strong>huc</strong></span> <span class='ocrx_word' id='word_1_444' title='bbox 238 4067 328 4121; x_wconf 80' lang='lat' dir='ltr'><strong>vocari</strong></span> <span class='ocrx_word' id='word_1_445' title='bbox 343 4085 395 4124; x_wconf 89' lang='lat' dir='ltr'><strong>uon</strong></span> <span class='ocrx_word' id='word_1_446' title='bbox 408 4073 504 4140; x_wconf 84' lang='lat' dir='ltr'><strong>potest.</strong></span> <span class='ocrx_word' id='word_1_447' title='bbox 564 4087 592 4123; x_wconf 84' lang='lat' dir='ltr'><strong>cr</strong></span> <span class='ocrx_word' id='word_1_448' title='bbox 608 4071 683 4124; x_wconf 87' lang='lat' dir='ltr'><strong>nobis</strong></span> <span class='ocrx_word' id='word_1_449' title='bbox 700 4070 797 4142; x_wconf 85' lang='lat' dir='ltr'><strong>ignota.</strong></span> <span class='ocrx_word' id='word_1_450' title='bbox 842 4125 845 4134; x_wconf 73' lang='grc'><em>,</em></span> 
     </span>
    </p>
   </div>
   <div class='ocr_carea' id='block_1_13' title="bbox 0 0 1408 4556">
    <p class='ocr_par' dir='ltr' id='par_1_22' title="bbox 0 0 1408 4556">
     <span class='ocr_line' id='line_1_49' title="bbox 0 0 1408 4556; baseline 0 0"><span class='ocrx_word' id='word_1_451' title='bbox 0 0 1408 4556; x_wconf 95' lang='lat' dir='ltr'><strong> </strong></span> 
     </span>
    </p>
   </div>
  </div>
 </body>
</html>
