2732 4560
102 178 333 258 ¹aco⁴
526 107 1109 250 inserui.-

210 327 323 408 eognito
342 323 499 388 D'emcirins
520 324 595 384 ritae
616 323 731 400 quiden
749 324 824 397 eius,
844 341 883 382 ne
898 319 1055 383 Ariarathes
1074 324 1300 386 neumam

117 469 122 496 ¹
207 413 274 474 helii
287 411 462 484 liberaretur,
476 408 617 488 pepercit:
637 409 727 486 ipsum
745 414 838 467 antem
852 407 1080 486 eomprehmsnm
1094 409 1223 468 vinctmn
1236 410 1298 470 Se-

184 498 315 559 slenciae
326 496 459 556 custodiri
471 494 556 554 iubet.
599 491 662 552 Nec
674 492 874 558 Antioshcmea
886 492 988 552 indicio
999 493 1090 552 territi
1102 512 1123 552 a
1135 493 1298 556 deiectione

182 582 383 644 edederunt
427 579 525 656 ltaque
545 577 740 638 adinventibus
762 583 793 637 et
811 575 987 650 Ptolemaeo,
1006 595 1077 653 rege
1094 576 1243 656 Aegypti,
1264 585 1298 639 et
1354 567 1355 616 l

209 666 325 740 Attalo,
346 683 414 742 rege
433 663 536 737 Asiae,
564 669 594 721 et
615 660 759 722 Ariarathe
781 661 996 740 Cappadociae,
1014 661 1087 721 bello
1107 680 1126 720 a
1145 661 1295 723 Dcrnctrin

211 751 330 812 lacessiti
351 751 503 809 subornant
521 765 573 826 pro
585 765 615 805 oo
626 745 750 807 Batora*
764 747 929 824 quemdam,
955 747 1038 804 sortis
1056 752 1201 808 extremae
1218 747 1294 808 inre-

60 827 65 834 ’
185 841 292 910 luem,
313 833 362 910 qui
373 833 471 910 Syriae
483 851 599 910 regnum
610 832 686 891 velut
697 834 841 911 paternum
853 831 936 890 mnis
948 835 1106 910 repeteret:
1128 837 1159 892 et
1170 850 1211 891 ne
1229 833 1297 910 qnid

210 917 391 980 contumeliae
406 919 532 994 deesset,
548 915 688 976 nomenei
702 915 853 974 Alandri
865 915 971 980 inditur
990 915 1159 999 genitusque
1178 917 1221 975 ab
1239 917 1298 977 An-

185 1004 301 1066 8tioeho
315 1003 500 1078 regedicitur.
541 1001 665 1062 Tantum
681 1001 776 1060 odiam
793 999 929 1062 Demetrii
948 1000 1025 1078 apud
1044 1019 1142 1060 omnes
1161 1005 1246 1076 erat,
1267 1008 1299 1060 at

165 1111 179 1170 g
210 1088 319 1154 aemulo
334 1088 393 1148 cius
407 1105 465 1145 non
475 1086 547 1145 vires
560 1086 657 1161 regiae
670 1092 797 1161 tanturn,
818 1104 912 1152 verram
932 1085 1016 1146 etiam
1035 1085 1147 1160 generis
1158 1085 1297 1148 nobilitas

185 1181 348 1233 9concensn
361 1171 483 1231 omnium
495 1171 669 1230 tribueretur.
712 1170 801 1246 Igitur
815 1168 993 1245 Alexander,
1021 1168 1177 1228 admirabili
1201 1189 1298 1230 reum

91 1274 94 1284 ·
208 1258 342 1318 varietate
355 1254 532 1336 pristinarum
552 1255 674 1314 sordium
689 1255 811 1328 oblitus,
829 1251 916 1313 titius
937 1255 1024 1314 ferme
1044 1253 1169 1313 Orientis
1188 1255 1297 1315 viribon

209 1342 362 1402 succinctus
384 1339 486 1400 beilum
499 1339 643 1400 Demetrio
656 1340 756 1411 insert3
778 1340 934 1416 rictumque
949 1339 1008 1397 vita
1026 1339 1130 1417 pariter
1148 1357 1181 1397 ac
1204 1358 1297 1418 regno

41 1489 45 1498 ,
167 1436 202 1488 10
208 1427 319 1512 spoliat
362 1425 537 1501 Quamquam
552 1444 604 1484 nec
621 1423 765 1486 Demetrio
786 1423 893 1484 animus
910 1423 940 1482 in
952 1422 1141 1502 propulsando
1154 1422 1236 1482 bello
1249 1426 1298 1486 de·

207 1512 269 1570 fuit.
310 1509 386 1571 Nam
399 1516 428 1569 et
440 1511 531 1588 primo
543 1509 650 1589 proelio
663 1509 773 1568 hostem
787 1508 896 1586 fugavit
911 1512 940 1567 et
953 1508 1067 1584 regibus
1085 1507 1187 1569 bellurn
1213 1510 1297 1568 resti-

169 1602 200 1654 11
212 1595 353 1654 tuentibus
367 1593 455 1651 multa
466 1593 549 1652 millia
567 1594 596 1650 in
613 1593 673 1652 acie
686 1595 795 1652 cecidit.
835 1590 882 1651 Ad
896 1598 1068 1672 postremum
1082 1596 1176 1652 tanum
1188 1592 1297 1654 invicto

77 1681 84 1704 ¹
209 1679 302 1738 animo
313 1680 386 1738 inter
397 1678 610 1740 confertissimos
625 1677 773 1738 fortissime
789 1677 921 1738 dimicans
934 1677 1041 1738 cecidit

148 1841 152 1846 .
177 1803 201 1855 Δ1
295 1793 332 1853 ii.
360 1793 441 1854 initio
462 1793 525 1856 belli
544 1795 702 1858 Demetrius
719 1795 790 1854 duos
808 1795 880 1854 lilios
904 1796 980 1872 apud
1000 1795 1135 1854 Gnidiam
1152 1793 1298 1876 hospitem

210 1898 289 1940 snum
308 1875 493 1958 cummagno
513 1882 572 1940 auri
592 1881 718 1960 pondere
736 1881 996 1953 commendaverat,
1025 1886 1056 1938 ut
1075 1878 1142 1939 belli
1163 1882 1297 1958 periuriis

185 1965 393 2026 2eximerentur
407 1970 452 2038 et,
474 1967 496 2023 si
511 1967 550 2024 ita
564 1967 622 2024 fors
641 1965 763 2039 tulisset,
785 1972 919 2046 paternae
930 1963 1026 2022 ultioni
1042 1969 1232 2024 servarentur.
1255 1965 1298 2024 Ex

210 2049 253 2110 his
266 2051 370 2122 maior,
392 2048 567 2124 Demetrius,
595 2067 683 2108 annos
701 2050 855 2129 pubertatis
876 2067 1005 2126 egressus
1025 2049 1124 2107 andita
1142 2048 1298 2110 Alexandri

212 2133 332 2209 luxrnia,
354 2152 436 2212 quem
450 2137 609 2214 insperatae
622 2155 691 2214 opes
705 2141 734 2194 et
746 2135 851 2195 alienae
861 2133 998 2193 felicitatis
1013 2140 1195 2208 ornamenta,
1219 2135 1298 2195 velut

211 2227 340 2298 captum,
360 2219 436 2279 inter
452 2225 603 2280 scortorum
625 2236 725 2298 greges
748 2220 873 2278 desldem
892 2220 921 2277 in
941 2219 1019 2294 regia
1042 2219 1194 2292 tenebant,
1219 2222 1298 2280 auri-

212 2303 340 2366 liantibua
354 2303 534 2364 Cretensibus
547 2323 672 2365 securum
690 2323 722 2363 ac
742 2304 807 2363 nihil
824 2301 924 2362 hostile
936 2308 1107 2362 metuentem
1120 2304 1297 2380 adgreditur.

185 2385 408 2446 hAntiochenses
422 2407 533 2464 qnoque
542 2395 664 2449 'veterem
678 2389 766 2467 patris
781 2391 917 2448 offensam
932 2389 1013 2446 novis
1025 2388 1131 2448 meritis
1146 2391 1297 2448 correcturi

212 2488 243 2528 se
259 2470 284 2528 ei
303 2470 432 2528 tradunt:
453 2474 504 2530 sed
525 2477 554 2531 et
573 2471 673 2532 milites
693 2473 803 2550 paterni
825 2475 920 2532 favore
938 2473 1043 2532 iuvenis
1063 2473 1173 2532 accensi
1191 2474 1297 2551 prioris

95 2631 98 2640 A
212 2552 375 2614 sacramenti
400 2552 562 2632 religionem
584 2557 649 2616 novi
668 2556 743 2634 regis
769 2557 914 2640 superbiae
934 2557 1125 2638 praeferentes
1149 2559 1235 2635 signa
1260 2560 1298 2618 ad
1358 2567 1359 2572 ’

274 2681 289 2714 *
305 2680 446 2760 orestae

170 2825 377 2840 Ἣ

130 2943 133 2950 ,
185 2971 193 2988 ·
238 2903 311 2987 9⁶⁶.
333 2867 499 2978 Ptolirnoeo]
523 2899 711 2970 Philometore,
735 2903 780 2972 qui
795 2901 875 2956 filiam
898 2918 1001 2972 quoqne
1019 2897 1100 2990 Delas
1117 2899 1145 2953 in
1162 2899 1297 2956 menno

167 2971 369 3106 munima]
386 3037 483 3107 uagi,
501 3037 637 3102 esem
657 3037 753 3104 nam,
771 3045 838 3093 vae
854 3038 930 3096 aaa
947 3039 1083 3094 ramata.

236 3112 377 3164 colomani
400 3109 540 3191 propalam
563 3107 637 3160 codd.
655 3106 778 3162 exhibant
800 3125 883 3179 paena
899 3124 1001 3174 omncs,
1032 3107 1211 3190 lOBongarsn
1235 3124 1299 3178 pro-

166 3179 280 3247 p'aiaot3
303 3178 391 3234 acacio
416 3193 461 3245 qur
486 3184 563 3230 atram
585 3179 722 3244 propalam
746 3177 1102 3245 (ci.notachrncoocr1);
1130 3175 1191 3228 edd.
1218 3183 1298 3230 velte

9 3255 12 3262 '
46 3295 49 3300 .
170 3245 345 3316 Prompatum.
379 3245 482 3300 Primus
499 3243 520 3297 l.
544 3243 589 3298 Dr.
608 3245 756 3299 Gronovius
780 3246 900 3313 viderat,
925 3245 985 3314 quid
1009 3244 1050 3298 rei
1067 3245 1138 3300 esset
1156 3249 1185 3297 et
1211 3261 1298 3298 emen·

170 3311 260 3398 clarita·
272 3317 413 3370 autumnat
431 3315 527 3398 Batnai
544 3331 568 3382 p.
578 3351 587 3378 ‚
599 3319 634 3396 'nt
648 3314 710 3398 ipdc
727 3322 875 3399 constanter
891 3313 992 3398 edituro
1005 3318 1055 3368 cst.
1092 3313 1127 3366 V.
1140 3312 1297 3398 Graeyiurn

169 3381 684 3522 titilll'fful‘lll’lultl
702 3380 1297 3521 triatrusftlllllltdsslld

52 3594 56 3603 Ι
170 3517 232 3640 auia
248 3517 275 3570 in
292 3520 407 3574 omnibns
424 3519 498 3572 libris
514 3519 623 3572 habetur
641 3519 740 3594 syllaba
754 3538 813 3589 pro.
848 3521 947 3576 Eadem
972 3519 1085 3604 diction?
1108 3517 1194 3574 utitur
1213 3519 1297 3574 Fron-

192 3602 240 3639 nua
257 3600 300 3710 ap.
316 3589 472 3657 Wopkens:
556 3590 618 3641 dom
633 3605 682 3658 pro
699 3593 844 3662 namugo
860 3589 1028 3644 auimatum
1044 3595 1182 3642 murmuri.

239 3657 256 3722 5
292 3693 299 3706 .
333 3657 478 3726 Antiocho]
522 3658 643 3728 paphanc.

239 3757 273 3812 0.
290 3755 325 3809 Il.
349 3761 365 3824 S
384 3762 408 3814 i.
436 3759 528 3828 filios]
547 3758 704 3818 Demetrium
721 3726 878 3815 Nicanorem
895 3763 923 3814 ci
939 3739 1107 3822 Antiochum,
1123 3757 1254 3816 Sidam

242 3825 384 3892 Gnidiam]
409 3827 431 3882 1.
449 3827 494 3883 Fr.
512 3830 645 3883 Granum
665 3829 759 3890 (laide
784 3829 819 3882 ci'.
837 3829 920 3883 Gran

133 3955 139 3968 ,
239 3895 475 3962 commendaverat]
492 3897 646 3952 servandum
661 3895 838 3964 mandaverat,
850 3895 1015 3961 credideratt
1032 3912 1059 3956 r,-
1068 3895 1173 3966 ΒΜ,
1186 3897 1298 3960 Gracr..

170 3963 312 4106 nuspa]
330 4031 421 4094 aad„
439 4031 539 4086 (aucas
556 4049 618 4088 acra.
