2772 4556
406 198 601 294 aternal
627 173 785 268 tratri.
816 207 912 272 can.
936 218 964 277 a.
1171 219 1234 284 tta
1273 275 1280 282 .

105 365 193 422 ander
208 379 268 446 non
285 362 314 418 iu
330 361 447 432 hostes,
470 359 521 419 sed
536 359 564 416 iu
581 379 646 418 suos
659 362 808 421 saeviebat.
838 353 1023 434 Quamobrem
1036 365 1193 448 Philippum
1202 379 1236 432 16
1264 378 1269 386 '
1296 361 1301 370 ¹

104 467 191 525 saepe
203 446 378 504 vulneratum
393 445 500 524 proelia
514 445 660 504 remisere:
682 447 725 504 hie
737 450 889 510 amicorum
898 453 1056 512 interfector
1067 455 1192 514 convivio

103 535 268 610 frequenter
281 532 409 590 excessit.
443 531 583 606 ‘Regnare
601 529 719 588 illerum
734 534 827 591 amieis
841 533 974 610 nolebat‚'
991 537 1034 595 hie
1051 538 1079 595 in
1089 539 1191 598 amices
1201 546 1234 598 17

105 636 198 694 regna
214 616 367 685 exercebat.
410 613 505 674 Ameri
520 613 711 692 palamede,
732 617 777 675 blo
790 620 882 677 metui.
924 619 1089 680 Litterarum
1102 623 1189 682 tultus
1201 629 1234 686 18

106 703 221 778 utrique
230 699 332 776 similis.
374 699 520 760 Sollertiae
540 704 623 777 pater
646 701 773 776 mmoris,
801 702 845 762 bic
866 704 959 784 fidet„
982 705 1081 764 Verbis
1107 711 1190 784 atque
1202 713 1233 766 19

107 788 236 846 oratione
248 781 409 863 Philippus,
427 785 471 843 bie
490 784 573 843 rebus
584 785 761 844 moderatior.
804 785 940 848 Parcendi
960 790 1039 848 vietis
1056 788 1113 847 filio
1133 793 1234 849 nni-ao

105 892 168 931 mus
183 877 212 931 et
224 871 361 948 promtior
379 875 411 928 et
425 869 581 941 honestior3
605 867 662 947 [ille
674 887 725 936 nee
741 871 823 934 seriis
842 871 1023 952 abstinebat]
1065 873 1192 952 Fnrgali-

104 958 157 1016 tati
177 962 277 1034 pater,
297 953 422 1012 luxuriae
443 955 515 1012 filius
539 955 629 1030 magis
651 954 761 1014 deditus
784 961 852 1016 erat.
898 958 1006 1026 Quibus
1021 959 1125 1017 aribus
1145 963 1231 1019 or-tl

101 1041 146 1100 bie
174 1039 287 1119 imperii
314 1040 494 1104 fundamenta
523 1044 606 1118 pater
632 1039 712 1117 ierit,
746 1041 839 1122 operis
868 1037 953 1104 ntis
982 1042 1099 1120 gloriata
1119 1043 1190 1105 lilius

100 1122 315 1186 oonsmnmarit.
818 1151 821 1158 ’

176 1358 205 1412 iu
219 1355 321 1424 intes]
338 1353 385 1408 Sic
401 1353 510 1419 Sarlsb.‚
529 1356 643 1422 Bellon,
666 1374 723 1412 rnss.
742 1356 860 1428 plerique
877 1359 1010 1424 aranon,
1026 1361 1062 1414 ob
1079 1360 1233 1418 varietatem

102 1425 221 1484 suavius.
255 1425 354 1494 Vulgo:
372 1425 399 1474 in
416 1425 529 1489 instem,
556 1425 633 1480 etiam
650 1425 735 1492 Rong.
1275 1429 1280 1442 '

178 1494 325 1559 saeviebat]
358 1491 405 1544 sie
426 1491 523 1561 Boug„
547 1493 662 1559 Sarisb.‚
685 1494 799 1557 Bellon,
823 1500 851 1547 et
873 1494 964 1559 redd,
989 1493 1123 1562 nilsllor,
1148 1509 1233 1550 oatrres

102 1570 214 1636 praeter
232 1563 289 1614 ooll.
310 1559 363 1622 Ν..
386 1560 456 1614 ande
473 1563 533 1615 edd.
551 1563 645 1616 nostris
662 1562 761 1615 illatura
778 1567 830 1615 este
848 1566 957 1618 rssnirs.

173 1635 192 1698 ς
211 1629 253 1684 16.
289 1631 457 1698 interfector]
483 1631 567 1686 codd.
585 1632 669 1700 Βοῦς.
688 1649 793 1701 omnes,
819 1633 987 1697 mennon,
1012 1633 1113 1698 Golia,
1139 1635 1231 1706 Prae„

102 1701 220 1756 Saritai
238 1701 450 1766 interjectorum,
467 1699 577 1768 proclivi
593 1701 676 1770 lapsu.

173 1775 191 1836 ς
211 1771 254 1824 17.
289 1787 347 1821 enm
364 1768 456 1820 amieis
474 1769 595 1838 nolebat]
619 1771 635 1821 i.
655 1787 678 1822 e.
694 1769 800 1853 fluendo
823 1768 892 1823 inter
917 1769 1011 1824 amicos
1035 1777 1117 1835 esset,
1142 1789 1231 1855 regem

102 1835 939 1974 :stititsttlttttrtttttf‘ltlttrstellet?
965 1837 1230 1977 thlttttltt

101 1975 245 2031 Aeschines
269 1982 366 2028 orator.
409 1973 535 2027 Similiter
561 1975 683 2032 vorstius.
725 1974 907 2043 splendidiore
936 1975 1037 2044 quidem
1062 1977 1096 2029 ad
1120 1976 1230 2044 speciem

102 2044 270 2116 oppositione
293 2043 371 2110 vulgo
396 2061 412 2095 e
435 2041 531 2097 Sebiaii
557 2044 623 2098 coni.
648 2043 759 2112 legitur:
785 2061 859 2114 regri.
877 2045 922 2096 ille
939 2061 995 2098 enm
1014 2045 1104 2100 amitis
1127 2045 1231 2100 nolebat
1274 2073 1293 2086 .-

104 2117 148 2184 (v.
168 2107 337 2178 Gramina),
362 2111 408 2164 sed
427 2117 497 2166 recte
516 2111 739 2166 animadvertente
756 2111 873 2163 Weiskio
891 2111 938 2177 (de
955 2112 1016 2180 hyp.
1034 2111 1064 2164 P.
1082 2111 1104 2170 1.
1122 2128 1149 2182 p.
1165 2110 1230 2176 20)=
1255 2117 1259 2122 '

104 2221 127 2247 „
135 2178 287 2266 Philippum
313 2197 367 2234 eum
392 2179 478 2234 amitis
509 2197 615 2248 regnum
645 2177 842 2234 communicasse
869 2178 952 2234 minus
983 2195 1046 2234 vere
1070 2177 1231 2232 diceretur.“

106 2249 192 2316 Quod
210 2249 275 2302 idem
292 2245 408 2302 coniicit:
427 2266 513 2302 eorum
531 2250 636 2312 nands,
655 2247 683 2302 id
700 2263 750 2300 non
767 2243 935 2302 massarium
954 2263 1009 2300 esse
1026 2245 1140 2302 videtur.
1180 2245 1230 2300 Va·
1260 2293 1264 2299 .

104 2321 182 2376 lebet
198 2324 282 2372 teman
299 2317 376 2370 babes
394 2335 436 2389 ap.
454 2317 599 2383 assistas,
617 2317 701 2370 Goth.
716 2316 827 2384 (Orsa,
847 2316 956 2384 Prae),
974 2316 1016 2371 ed.
1035 2317 1108 2382 Rom

175 2389 254 2454 518.
287 2387 398 2440 Bellone
418 2387 548 2442 sollertior
561 2395 660 2456 putere
682 2386 789 2442 maioris
805 2386 849 2438 ltin
859 2385 937 2452 fidei.
988 2435 993 2446 ,

176 2459 193 2526 5
212 2458 254 2512 19.
288 2455 465 2524 modernior]
489 2455 547 2510 Hae
565 2457 692 2510 sectiones
708 2453 730 2508 si
747 2453 858 2510 mortim
871 2454 1007 2522 leguntur,
1026 2471 1077 2510 non
1095 2455 1232 2510 absentum

102 2534 163 2589 est,
182 2523 307 2608 quomodo
325 2523 368 2576 bie
385 2523 584 2578 moderationem
601 2525 701 2580 tribuet
719 2523 760 2578 rui
778 2529 794 2592 S
815 2523 847 2578 14
865 2523 970 2578 anderu
989 2523 1156 2582 abiudicavit
1173 2523 1232 2578 Hos
1256 2585 1259 2594 Ι

103 2595 181 2650 vulta
197 2610 223 2646 tn
240 2593 395 2648 sermonibus
413 2589 548 2664 Philippus
565 2593 613 2650 sibi
624 2593 779 2664 temperavit
788 2595 822 2646 ab
833 2591 899 2648 emal
908 2593 1032 2662 superbie
1046 2601 1073 2650 et
1083 2592 1229 2654 inmlentia,

103 2663 186 2718 laetis
203 2663 267 2716 idem
283 2680 336 2716 non
354 2679 412 2716 raro
429 2661 563 2718 immodice
579 2663 704 2728 erudelis;
722 2661 868 2718 Alexander
886 2679 958 2730 reto,
973 2679 1052 2732 quem
1064 2661 1140 2716 dietis
1152 2676 1231 2728 saepe

103 2730 328 2786 insolentissimum
352 2725 430 2784 luisse
452 2731 585 2795 novimas,
611 2731 688 2788 iactis
704 2733 761 2786 lere
785 2739 837 2787 tam
857 2731 1016 2788 moderatum
1034 2748 1062 2784 se
1079 2728 1231 2799 praebebat,

102 2811 134 2858 nt
152 2801 196 2856 rel
219 2801 338 2856 hostibus
359 2798 521 2868 ignoscerem
556 2801 617 2856 vide
641 2800 715 2853 modo
739 2799 842 2856 Arrian.
867 2817 927 2868 exp.
954 2799 981 2864 l,
1004 2799 1037 2861 t,
1063 2795 1132 2878 quod
1150 2794 1231 2877 instar

102 2871 215 2924 omnium
232 2888 288 2922 esse
305 2867 506 2922 testimoniorum
524 2870 794 2940 potestuQuarepon
810 2869 962 2922 assentimur
979 2867 1095 2920 Weiskio
1112 2881 1150 2923 stt
1166 2879 1231 2918 scra·

102 2939 178 2994 beuti
195 2940 243 3007 (de
256 2939 318 3006 hyp.
339 2939 367 2989 Ρ.
388 2937 406 2988 l.
426 2955 452 3006 p.
470 2936 533 3006 stt:
552 2937 709 3010 „Philippus
727 2939 768 2990 vel
786 2937 812 2988 in
830 2935 959 3004 gloriandi
976 2931 1168 3002 magnificentia
1187 2931 1231 2997 tel
1252 2967 1255 2972 ,

101 3007 244 3064 accusandi
261 3007 423 3060 venerantia
442 3006 484 3060 rel
501 3005 527 3060 in
546 3007 705 3078 pollicitanti
722 3005 903 3064 libertatevel
920 3005 947 3057 iu
972 3001 1085 3058 minandi
1101 2998 1232 3068 gravitate
1296 3041 1309 3056 ..

102 3077 172 3132 band
190 3094 255 3130 raro
277 3077 352 3142 longe
370 3073 438 3128 ultra
454 3074 510 3127 veri
530 3077 651 3132 terminos
673 3077 843 3144 evagabatur.
886 3075 977 3146 Quare
993 3087 1036 3138 ap.
1053 3070 1176 3124 lustinum
1192 3067 1233 3123 le·

100 3147 215 3216 gendum
232 3144 294 3200 mihi
312 3143 415 3196 videtur
431 3143 643 3206 immoderatior,
669 3145 773 3198 verbum
790 3141 887 3194 Iustino
905 3158 955 3192 nan
972 3138 1122 3208 indignum,
1147 3137 1232 3191 aeneid

100 3213 264 3338 restituenldo
282 3213 466 3266 necessarium.
499 3211 587 3284 ¹Fertis
604 3211 703 3267 scilicet
719 3209 882 3274 Alexander,
902 3207 979 3264 dictis
999 3207 1133 3282 Phiiippus
1150 3207 1231 3266 minas
1305 3237 1307 3242 ·

102 3293 156 3338 teu
176 3301 221 3336 aaa
241 3286 298 3337 at.“
638 3287 651 3302 '
1257 3305 1263 3313 ·

157 3303 190 3418 μς
207 3355 251 3407 20.
289 3359 316 3406 et
330 3349 439 3420 proma]
458 3358 485 3404 et
502 3347 584 3404 omitt.
602 3348 700 3406 Sarisb.
716 3351 743 3402 et
759 3347 858 3404 aelon

173 3423 236 3490 [ille
259 3439 307 3476 nea
329 3420 601 3487 ennarrationes]
634 3419 708 3474 Haeo
732 3418 813 3486 prima
834 3415 928 3474 Aldina
956 3413 1071 3482 addidit3
1094 3413 1189 3494 derunt
1205 3409 1231 3464 in

103 3489 218 3544 omnibns
234 3487 408 3556 codd.‚.edd.
425 3506 493 3542 anno
514 3489 581 3546 1522
599 3487 795 3557 vetustioribra,
821 3487 937 3554 sarisb,
955 3486 1054 3542 Bellon.
1091 3483 1146 3546 Sed
1162 3497 1231 3536 erua-

101 3557 173 3615 nodi
189 3560 287 3631 aliquid
305 3555 435 3614 excidisse
452 3572 556 3612 secema
574 3563 620 3610 est.
979 3555 981 3562 '

171 3631 189 3696 S
204 3631 250 3687 21.
286 3626 386 3695 totins]
407 3625 523 3686 Sedala:
541 3625 619 3680 tanti.

572 3857 770 3872 ‘m-
